1660228022484228 {"stream":"btcusdt@trade","data":{"e":"trade","E":1660228023422,"T":1660228023414,"s":"BTCUSDT","t":2691833628,"p":"24670.90","q":"0.070","X":"MARKET","m":true}}
1660228022485453 {"stream":"btcusdt@trade","data":{"e":"trade","E":1660228023422,"T":1660228023414,"s":"BTCUSDT","t":2691833629,"p":"24670.90","q":"0.095","X":"MARKET","m":true}}
1660228022518377 {"stream":"btcusdt@trade","data":{"e":"trade","E":1660228023457,"T":1660228023448,"s":"BTCUSDT","t":2691833630,"p":"24670.90","q":"0.073","X":"MARKET","m":true}}
1660228022521731 {"stream":"btcusdt@trade","data":{"e":"trade","E":1660228023460,"T":1660228023452,"s":"BTCUSDT","t":2691833631,"p":"24670.90","q":"0.001","X":"MARKET","m":true}}
1660228022529224 {"stream":"btcusdt@trade","data":{"e":"trade","E":1660228023468,"T":1660228023459,"s":"BTCUSDT","t":2691833632,"p":"24671.00","q":"0.008","X":"MARKET","m":false}}
1660228022533943 {"lastUpdateId": 1801732814321, "E": 1660228023456, "T": 1660228023444, "bids": [["24670.90", "6.742"], ["24670.80", "0.001"], ["24670.70", "0.184"], ["24670.60", "1.506"], ["24670.50", "0.112"], ["24670.40", "0.001"], ["24670.20", "0.001"], ["24670.10", "0.266"], ["24670.00", "2.945"], ["24669.90", "1.506"], ["24669.80", "0.001"], ["24669.60", "5.434"], ["24669.50", "0.002"], ["24669.40", "0.006"], ["24669.10", "0.010"], ["24669.00", "8.576"], ["24668.90", "7.477"], ["24668.80", "0.002"], ["24668.70", "7.426"], ["24668.60", "10.101"], ["24668.50", "0.224"], ["24668.40", "0.547"], ["24668.30", "0.003"], ["24668.20", "0.325"], ["24668.10", "0.002"], ["24668.00", "0.007"], ["24667.90", "0.075"], ["24667.80", "0.003"], ["24667.70", "0.001"], ["24667.60", "0.003"], ["24667.50", "3.789"], ["24667.40", "1.509"], ["24667.30", "0.004"], ["24667.20", "0.001"], ["24667.00", "0.207"], ["24666.90", "0.001"], ["24666.80", "6.776"], ["24666.70", "2.281"], ["24666.60", "0.033"], ["24666.50", "0.554"], ["24666.30", "1.575"], ["24666.20", "0.006"], ["24666.10", "0.656"], ["24666.00", "2.182"], ["24665.90", "0.124"], ["24665.70", "0.289"], ["24665.50", "0.007"], ["24665.40", "0.031"], ["24665.30", "0.051"], ["24665.20", "0.497"], ["24665.10", "0.040"], ["24665.00", "0.658"], ["24664.90", "3.277"], ["24664.80", "3.648"], ["24664.70", "0.300"], ["24664.60", "3.079"], ["24664.50", "0.107"], ["24664.40", "0.271"], ["24664.30", "0.229"], ["24664.20", "0.198"], ["24664.10", "4.279"], ["24664.00", "0.762"], ["24663.90", "0.219"], ["24663.80", "15.256"], ["24663.60", "0.630"], ["24663.50", "0.041"], ["24663.40", "0.185"], ["24663.30", "0.006"], ["24663.20", "0.289"], ["24663.10", "0.081"], ["24663.00", "0.030"], ["24662.90", "1.520"], ["24662.80", "0.208"], ["24662.70", "0.497"], ["24662.60", "0.052"], ["24662.50", "0.066"], ["24662.40", "0.162"], ["24662.30", "1.500"], ["24662.20", "0.202"], ["24662.10", "0.176"], ["24662.00", "7.288"], ["24661.90", "0.488"], ["24661.80", "0.167"], ["24661.70", "0.203"], ["24661.60", "0.041"], ["24661.50", "0.099"], ["24661.40", "0.756"], ["24661.30", "0.044"], ["24661.20", "0.001"], ["24661.10", "1.123"], ["24661.00", "0.040"], ["24660.90", "0.423"], ["24660.80", "0.001"], ["24660.70", "0.423"], ["24660.60", "0.387"], ["24660.50", "0.440"], ["24660.40", "0.202"], ["24660.30", "1.204"], ["24660.20", "1.884"], ["24660.10", "10.710"], ["24660.00", "22.449"], ["24659.90", "0.105"], ["24659.80", "4.591"], ["24659.70", "1.006"], ["24659.60", "2.463"], ["24659.50", "2.581"], ["24659.40", "0.365"], ["24659.30", "1.500"], ["24659.20", "0.084"], ["24659.10", "2.920"], ["24659.00", "13.393"], ["24658.90", "1.500"], ["24658.70", "0.142"], ["24658.60", "0.180"], ["24658.50", "0.576"], ["24658.40", "4.110"], ["24658.30", "0.879"], ["24658.10", "0.100"], ["24658.00", "0.004"], ["24657.80", "0.200"], ["24657.70", "0.015"], ["24657.60", "0.600"], ["24657.50", "0.621"], ["24657.40", "12.234"], ["24657.20", "0.404"], ["24657.10", "0.249"], ["24657.00", "0.492"], ["24656.90", "2.824"], ["24656.80", "0.668"], ["24656.70", "0.147"], ["24656.60", "0.009"], ["24656.40", "0.545"], ["24656.20", "2.170"], ["24656.10", "2.791"], ["24656.00", "0.045"], ["24655.90", "1.807"], ["24655.80", "1.238"], ["24655.70", "0.811"], ["24655.60", "0.008"], ["24655.50", "2.881"], ["24655.40", "0.216"], ["24655.30", "0.075"], ["24655.20", "0.607"], ["24655.10", "1.583"], ["24655.00", "1.705"], ["24654.90", "0.128"], ["24654.80", "2.634"], ["24654.70", "0.471"], ["24654.60", "0.423"], ["24654.50", "0.123"], ["24654.40", "0.679"], ["24654.30", "1.230"], ["24654.20", "1.000"], ["24654.00", "0.031"], ["24653.90", "2.848"], ["24653.80", "0.188"], ["24653.60", "0.126"], ["24653.50", "0.151"], ["24653.40", "16.142"], ["24653.30", "4.400"], ["24653.20", "1.002"], ["24653.00", "0.018"], ["24652.90", "15.318"], ["24652.80", "7.950"], ["24652.70", "1.001"], ["24652.60", "0.298"], ["24652.50", "0.010"], ["24652.40", "1.592"], ["24652.30", "0.554"], ["24652.20", "0.002"], ["24652.10", "0.008"], ["24652.00", "0.100"], ["24651.70", "0.018"], ["24651.60", "8.178"], ["24651.50", "0.409"], ["24651.30", "0.202"], ["24651.20", "0.249"], ["24651.10", "0.197"], ["24651.00", "3.939"], ["24650.90", "1.646"], ["24650.80", "1.319"], ["24650.70", "0.470"], ["24650.60", "0.210"], ["24650.40", "0.029"], ["24650.20", "0.026"], ["24650.10", "0.240"], ["24650.00", "14.337"], ["24649.90", "0.006"], ["24649.80", "2.800"], ["24649.70", "0.403"], ["24649.60", "1.170"], ["24649.50", "0.246"], ["24649.40", "0.185"], ["24649.20", "0.163"], ["24649.10", "0.008"], ["24649.00", "0.595"], ["24648.90", "0.134"], ["24648.80", "0.202"], ["24648.70", "0.803"], ["24648.60", "1.031"], ["24648.50", "0.092"], ["24648.40", "21.280"], ["24648.30", "8.191"], ["24648.10", "1.386"], ["24648.00", "0.679"], ["24647.90", "4.058"], ["24647.80", "0.622"], ["24647.70", "0.002"], ["24647.50", "1.500"], ["24647.30", "1.443"], ["24647.20", "0.453"], ["24647.00", "9.025"], ["24646.70", "0.002"], ["24646.60", "0.647"], ["24646.50", "1.721"], ["24646.40", "0.908"], ["24646.30", "1.259"], ["24646.20", "3.013"], ["24646.10", "0.937"], ["24646.00", "0.511"], ["24645.90", "1.802"], ["24645.80", "0.837"], ["24645.70", "0.001"], ["24645.60", "0.088"], ["24645.50", "1.039"], ["24645.40", "3.228"], ["24645.30", "0.001"], ["24645.20", "0.222"], ["24645.10", "0.008"], ["24645.00", "1.913"], ["24644.80", "3.253"], ["24644.70", "0.244"], ["24644.60", "2.234"], ["24644.50", "3.337"], ["24644.40", "0.002"], ["24644.30", "0.114"], ["24644.10", "10.591"], ["24644.00", "44.832"], ["24643.90", "3.291"], ["24643.80", "3.388"], ["24643.60", "0.078"], ["24643.50", "0.072"], ["24643.40", "1.457"], ["24643.30", "0.483"], ["24643.20", "0.661"], ["24643.10", "0.201"], ["24643.00", "4.538"], ["24642.90", "0.416"], ["24642.80", "3.934"], ["24642.60", "0.134"], ["24642.50", "0.630"], ["24642.40", "2.959"], ["24642.30", "0.053"], ["24642.20", "0.237"], ["24642.10", "0.002"], ["24642.00", "1.893"], ["24641.90", "0.244"], ["24641.80", "15.455"], ["24641.70", "1.826"], ["24641.60", "3.317"], ["24641.50", "0.350"], ["24641.40", "0.162"], ["24641.30", "0.200"], ["24641.20", "3.003"], ["24641.10", "0.294"], ["24641.00", "0.107"], ["24640.90", "0.140"], ["24640.80", "0.590"], ["24640.70", "2.168"], ["24640.60", "0.265"], ["24640.50", "0.059"], ["24640.40", "1.810"], ["24640.30", "1.004"], ["24640.20", "1.753"], ["24640.10", "1.126"], ["24640.00", "4.448"], ["24639.90", "0.121"], ["24639.80", "1.331"], ["24639.70", "0.271"], ["24639.60", "0.179"], ["24639.50", "0.172"], ["24639.40", "0.012"], ["24639.30", "0.415"], ["24639.20", "0.685"], ["24639.10", "0.021"], ["24639.00", "0.598"], ["24638.90", "0.046"], ["24638.80", "0.378"], ["24638.70", "0.037"], ["24638.60", "0.164"], ["24638.50", "0.002"], ["24638.40", "0.200"], ["24638.30", "0.028"], ["24638.20", "0.367"], ["24638.10", "0.020"], ["24638.00", "1.639"], ["24637.90", "3.000"], ["24637.80", "0.003"], ["24637.70", "1.533"], ["24637.60", "0.012"], ["24637.50", "1.541"], ["24637.40", "0.232"], ["24637.30", "1.755"], ["24637.20", "0.089"], ["24637.10", "1.127"], ["24637.00", "2.359"], ["24636.90", "0.613"], ["24636.80", "0.803"], ["24636.70", "0.011"], ["24636.60", "0.008"], ["24636.50", "0.009"], ["24636.40", "0.635"], ["24636.30", "4.969"], ["24636.20", "0.124"], ["24636.10", "0.001"], ["24636.00", "0.218"], ["24635.80", "0.163"], ["24635.70", "12.539"], ["24635.60", "0.827"], ["24635.50", "0.068"], ["24635.40", "0.008"], ["24635.30", "0.010"], ["24635.20", "0.001"], ["24635.10", "1.336"], ["24635.00", "0.854"], ["24634.70", "0.005"], ["24634.60", "0.008"], ["24634.50", "0.607"], ["24634.40", "0.200"], ["24634.30", "0.164"], ["24634.20", "0.003"], ["24634.10", "0.018"], ["24634.00", "1.088"], ["24633.90", "0.012"], ["24633.80", "0.460"], ["24633.60", "0.011"], ["24633.50", "0.222"], ["24633.40", "0.015"], ["24633.30", "0.165"], ["24633.20", "0.283"], ["24633.10", "0.063"], ["24633.00", "4.569"], ["24632.90", "0.015"], ["24632.80", "0.043"], ["24632.70", "0.014"], ["24632.60", "4.625"], ["24632.50", "0.633"], ["24632.40", "16.463"], ["24632.30", "0.306"], ["24632.20", "3.437"], ["24632.10", "0.066"], ["24632.00", "0.878"], ["24631.80", "0.438"], ["24631.70", "0.013"], ["24631.60", "0.134"], ["24631.50", "0.002"], ["24631.40", "0.030"], ["24631.30", "0.042"], ["24631.20", "0.077"], ["24631.10", "0.076"], ["24631.00", "0.844"], ["24630.90", "0.006"], ["24630.80", "0.005"], ["24630.70", "6.408"], ["24630.60", "1.503"], ["24630.50", "0.296"], ["24630.40", "0.502"], ["24630.30", "0.150"], ["24630.20", "0.001"], ["24630.10", "1.032"], ["24630.00", "2.718"], ["24629.90", "0.172"], ["24629.80", "3.801"], ["24629.70", "0.046"], ["24629.60", "0.631"], ["24629.40", "0.002"], ["24629.30", "0.202"], ["24629.20", "0.232"], ["24629.10", "0.010"], ["24629.00", "0.147"], ["24628.80", "0.182"], ["24628.60", "0.564"], ["24628.50", "0.083"], ["24628.40", "0.008"], ["24628.30", "0.041"], ["24628.20", "0.052"], ["24628.10", "0.039"], ["24628.00", "1.216"], ["24627.90", "0.053"], ["24627.80", "0.219"], ["24627.70", "0.222"], ["24627.60", "0.931"], ["24627.50", "0.002"], ["24627.40", "1.343"], ["24627.20", "1.702"], ["24627.10", "0.074"], ["24627.00", "1.241"], ["24626.90", "0.021"], ["24626.80", "26.437"], ["24626.70", "0.003"], ["24626.60", "0.149"], ["24626.50", "0.352"], ["24626.40", "0.010"], ["24626.30", "0.003"], ["24626.20", "0.727"], ["24626.10", "0.008"], ["24626.00", "0.689"], ["24625.80", "5.111"], ["24625.70", "0.003"], ["24625.60", "0.003"], ["24625.50", "0.406"], ["24625.40", "0.057"], ["24625.30", "2.007"], ["24625.20", "0.001"], ["24625.10", "0.603"], ["24625.00", "2.729"], ["24624.90", "0.033"], ["24624.80", "0.919"], ["24624.70", "0.205"], ["24624.60", "5.818"], ["24624.50", "0.098"], ["24624.40", "0.004"], ["24624.30", "0.001"], ["24624.10", "0.364"], ["24624.00", "1.364"], ["24623.90", "0.382"], ["24623.80", "0.961"], ["24623.70", "0.554"], ["24623.60", "0.178"], ["24623.50", "0.145"], ["24623.40", "0.389"], ["24623.30", "0.007"], ["24623.20", "0.231"], ["24623.10", "4.610"], ["24623.00", "0.221"], ["24622.90", "0.062"], ["24622.80", "0.682"], ["24622.70", "0.001"], ["24622.60", "0.176"], ["24622.50", "0.052"], ["24622.40", "7.531"], ["24622.20", "0.037"], ["24622.10", "0.412"], ["24622.00", "1.580"], ["24621.80", "0.792"], ["24621.70", "0.001"], ["24621.60", "0.211"], ["24621.50", "12.403"], ["24621.40", "1.979"], ["24621.20", "0.112"], ["24621.10", "0.008"], ["24621.00", "0.138"], ["24620.90", "0.057"], ["24620.70", "0.472"], ["24620.60", "0.036"], ["24620.50", "0.001"], ["24620.40", "0.005"], ["24620.30", "0.007"], ["24620.20", "0.051"], ["24620.10", "0.056"], ["24620.00", "10.592"], ["24619.90", "0.155"], ["24619.70", "0.050"], ["24619.60", "2.654"], ["24619.50", "0.210"], ["24619.40", "0.858"], ["24619.30", "0.001"], ["24619.20", "0.126"], ["24619.00", "1.122"], ["24618.90", "0.009"], ["24618.80", "4.447"], ["24618.70", "0.032"], ["24618.60", "0.001"], ["24618.50", "9.313"], ["24618.30", "0.100"], ["24618.20", "2.960"], ["24618.10", "2.750"], ["24618.00", "0.499"], ["24617.90", "0.001"], ["24617.80", "3.073"], ["24617.70", "0.204"], ["24617.60", "2.923"], ["24617.50", "1.102"], ["24617.40", "0.034"], ["24617.30", "0.449"], ["24617.20", "0.100"], ["24617.10", "1.113"], ["24617.00", "0.480"], ["24616.90", "0.131"], ["24616.70", "0.002"], ["24616.50", "0.163"], ["24616.40", "0.004"], ["24616.30", "0.032"], ["24616.20", "0.006"], ["24616.10", "0.001"], ["24616.00", "2.354"], ["24615.80", "3.253"], ["24615.70", "0.016"], ["24615.60", "0.001"], ["24615.50", "0.072"], ["24615.40", "0.061"], ["24615.20", "0.435"], ["24615.10", "0.001"], ["24615.00", "3.147"], ["24614.90", "0.038"], ["24614.80", "0.100"], ["24614.70", "1.867"], ["24614.60", "2.850"], ["24614.50", "0.047"], ["24614.40", "0.001"], ["24614.30", "0.065"], ["24614.20", "0.552"], ["24614.10", "0.100"], ["24614.00", "0.030"], ["24613.90", "0.405"], ["24613.80", "0.019"], ["24613.70", "0.020"], ["24613.50", "0.001"], ["24613.40", "0.020"], ["24613.30", "0.005"], ["24613.10", "0.051"], ["24613.00", "0.070"], ["24612.90", "3.100"], ["24612.80", "0.251"], ["24612.70", "0.404"], ["24612.60", "2.483"], ["24612.50", "0.144"], ["24612.40", "0.088"], ["24612.30", "0.841"], ["24612.20", "0.305"], ["24612.10", "0.002"], ["24612.00", "2.898"], ["24611.60", "0.007"], ["24611.50", "1.041"], ["24611.40", "1.635"], ["24611.30", "0.202"], ["24611.10", "5.092"], ["24611.00", "7.156"], ["24610.90", "0.054"], ["24610.70", "0.253"], ["24610.60", "0.007"], ["24610.50", "0.030"], ["24610.40", "0.188"], ["24610.30", "0.204"], ["24610.20", "0.007"], ["24610.00", "3.901"], ["24609.90", "0.035"], ["24609.80", "0.016"], ["24609.70", "0.002"], ["24609.60", "0.006"], ["24609.50", "0.163"], ["24609.40", "0.291"], ["24609.20", "1.532"], ["24609.10", "3.425"], ["24609.00", "0.163"], ["24608.90", "0.029"], ["24608.80", "0.001"], ["24608.60", "0.005"], ["24608.50", "0.032"], ["24608.40", "0.163"], ["24608.30", "0.032"], ["24608.10", "0.001"], ["24608.00", "1.833"], ["24607.90", "0.171"], ["24607.80", "0.254"], ["24607.60", "6.011"], ["24607.50", "0.347"], ["24607.40", "0.442"], ["24607.30", "12.346"], ["24607.20", "0.050"], ["24607.10", "0.226"], ["24607.00", "0.322"], ["24606.90", "0.381"], ["24606.80", "0.003"], ["24606.70", "0.002"], ["24606.60", "0.051"], ["24606.50", "0.493"], ["24606.40", "0.003"], ["24606.30", "6.301"], ["24606.20", "1.429"], ["24606.10", "0.001"], ["24606.00", "0.268"], ["24605.90", "0.549"], ["24605.80", "0.838"], ["24605.60", "0.304"], ["24605.50", "0.087"], ["24605.40", "2.108"], ["24605.30", "0.810"], ["24605.20", "0.034"], ["24605.10", "0.061"], ["24605.00", "2.036"], ["24604.90", "3.677"], ["24604.70", "0.318"], ["24604.60", "0.001"], ["24604.50", "0.101"], ["24604.40", "3.321"], ["24604.30", "0.130"], ["24604.20", "0.046"], ["24604.10", "0.024"], ["24604.00", "6.776"], ["24603.90", "0.088"], ["24603.80", "0.147"], ["24603.70", "0.067"], ["24603.60", "0.305"], ["24603.50", "0.202"], ["24603.40", "0.060"], ["24603.30", "0.020"], ["24603.20", "0.104"], ["24603.10", "0.212"], ["24603.00", "0.747"], ["24602.90", "0.060"], ["24602.80", "0.010"], ["24602.70", "0.068"], ["24602.60", "0.023"], ["24602.40", "0.663"], ["24602.30", "0.982"], ["24602.20", "0.287"], ["24602.10", "0.092"], ["24602.00", "5.810"], ["24601.90", "0.417"], ["24601.70", "0.001"], ["24601.50", "1.500"], ["24601.40", "0.003"], ["24601.30", "0.048"], ["24601.20", "0.043"], ["24601.00", "0.012"], ["24600.90", "0.716"], ["24600.80", "0.474"], ["24600.70", "0.009"], ["24600.60", "0.006"], ["24600.50", "0.972"], ["24600.40", "1.037"], ["24600.30", "0.015"], ["24600.20", "0.150"], ["24600.10", "23.991"], ["24600.00", "71.186"], ["24599.90", "0.857"], ["24599.80", "0.081"], ["24599.70", "0.003"], ["24599.60", "1.510"], ["24599.50", "0.171"], ["24599.40", "0.461"], ["24599.20", "0.249"], ["24599.10", "0.045"], ["24599.00", "0.711"], ["24598.90", "0.002"], ["24598.80", "0.301"], ["24598.70", "0.001"], ["24598.60", "0.219"], ["24598.50", "0.125"], ["24598.40", "0.002"], ["24598.30", "0.060"], ["24598.10", "0.056"], ["24598.00", "0.443"], ["24597.90", "2.937"], ["24597.80", "0.049"], ["24597.70", "0.053"], ["24597.50", "0.040"], ["24597.40", "0.202"], ["24597.30", "0.717"], ["24597.20", "0.895"], ["24597.10", "0.183"], ["24597.00", "0.255"], ["24596.90", "0.054"], ["24596.80", "0.018"], ["24596.70", "0.004"], ["24596.60", "0.004"], ["24596.50", "0.102"], ["24596.40", "5.357"], ["24596.30", "0.023"], ["24596.20", "0.222"], ["24596.10", "0.304"], ["24596.00", "4.671"], ["24595.90", "0.206"], ["24595.80", "0.068"], ["24595.60", "0.051"], ["24595.50", "0.151"], ["24595.40", "0.363"], ["24595.30", "0.003"], ["24595.20", "0.322"], ["24595.10", "0.321"], ["24595.00", "1.911"], ["24594.90", "0.095"], ["24594.80", "0.028"], ["24594.60", "9.611"], ["24594.50", "0.001"], ["24594.40", "0.002"], ["24594.30", "2.011"], ["24594.20", "0.002"], ["24594.10", "0.201"], ["24594.00", "0.119"], ["24593.90", "0.009"], ["24593.80", "0.660"], ["24593.70", "0.065"], ["24593.60", "0.145"], ["24593.40", "0.404"], ["24593.30", "0.072"], ["24593.20", "0.631"], ["24593.10", "13.628"], ["24593.00", "2.156"], ["24592.90", "0.481"], ["24592.80", "0.401"], ["24592.60", "1.905"], ["24592.40", "0.016"], ["24592.30", "0.002"], ["24592.20", "1.086"], ["24592.10", "0.082"], ["24592.00", "0.166"], ["24591.80", "0.001"], ["24591.70", "0.002"], ["24591.60", "0.206"], ["24591.50", "0.512"], ["24591.40", "0.059"], ["24591.30", "0.005"], ["24591.20", "0.329"], ["24591.10", "0.093"], ["24591.00", "0.359"], ["24590.90", "0.202"], ["24590.80", "0.254"], ["24590.70", "2.423"], ["24590.60", "0.477"], ["24590.50", "0.010"], ["24590.40", "0.060"], ["24590.30", "3.120"], ["24590.20", "0.202"], ["24590.10", "0.003"], ["24590.00", "5.881"], ["24589.90", "0.086"], ["24589.80", "0.006"], ["24589.60", "0.002"], ["24589.50", "0.012"], ["24589.30", "0.051"], ["24589.20", "0.015"], ["24589.10", "0.254"], ["24589.00", "0.045"], ["24588.90", "0.006"], ["24588.80", "0.001"], ["24588.70", "0.003"], ["24588.60", "0.061"], ["24588.50", "0.080"], ["24588.40", "0.052"], ["24588.30", "0.250"], ["24588.20", "0.080"], ["24588.10", "0.935"], ["24588.00", "0.719"], ["24587.90", "0.013"], ["24587.80", "0.366"], ["24587.70", "0.009"], ["24587.60", "0.030"], ["24587.50", "0.064"], ["24587.20", "0.086"], ["24587.10", "0.491"], ["24587.00", "0.561"], ["24586.90", "0.012"], ["24586.80", "0.210"], ["24586.70", "0.253"], ["24586.60", "0.029"], ["24586.50", "0.005"], ["24586.40", "0.006"], ["24586.30", "0.061"], ["24586.20", "0.164"], ["24586.10", "0.009"], ["24586.00", "0.647"], ["24585.90", "0.001"], ["24585.80", "0.454"], ["24585.70", "0.047"], ["24585.60", "0.007"], ["24585.40", "1.840"], ["24585.30", "0.012"], ["24585.00", "1.661"], ["24584.90", "0.316"], ["24584.70", "0.002"], ["24584.60", "0.054"], ["24584.50", "0.018"], ["24584.40", "0.001"], ["24584.30", "0.002"], ["24584.20", "0.001"], ["24584.10", "0.506"], ["24584.00", "0.221"], ["24583.90", "0.103"], ["24583.80", "0.007"], ["24583.70", "0.007"], ["24583.60", "0.061"], ["24583.50", "0.002"], ["24583.40", "0.053"], ["24583.30", "0.051"], ["24583.20", "0.014"], ["24583.10", "0.013"], ["24583.00", "0.327"], ["24582.90", "0.215"], ["24582.80", "0.002"], ["24582.70", "0.082"], ["24582.60", "0.011"], ["24582.50", "0.012"], ["24582.40", "0.001"], ["24582.20", "0.082"], ["24582.10", "0.001"], ["24582.00", "0.617"], ["24581.90", "0.604"], ["24581.80", "0.001"], ["24581.70", "5.197"], ["24581.60", "0.008"], ["24581.50", "0.557"], ["24581.40", "0.082"], ["24581.30", "0.169"], ["24581.10", "0.084"], ["24581.00", "0.881"], ["24580.90", "0.023"], ["24580.70", "1.136"], ["24580.60", "0.061"], ["24580.50", "0.035"], ["24580.30", "0.181"], ["24580.20", "0.001"], ["24580.10", "0.040"], ["24580.00", "10.746"], ["24579.90", "0.211"], ["24579.80", "0.031"], ["24579.70", "0.553"], ["24579.60", "0.001"], ["24579.50", "0.073"], ["24579.40", "0.023"], ["24579.30", "0.039"], ["24579.20", "0.002"], ["24579.10", "13.230"], ["24579.00", "0.035"], ["24578.90", "12.338"], ["24578.70", "0.357"], ["24578.60", "0.047"], ["24578.50", "0.004"], ["24578.40", "0.026"], ["24578.10", "12.214"], ["24578.00", "2.184"], ["24577.80", "0.007"], ["24577.60", "0.001"], ["24577.50", "0.037"], ["24577.40", "0.037"], ["24577.30", "0.017"], ["24577.20", "0.003"], ["24577.00", "0.483"], ["24576.90", "0.019"], ["24576.80", "0.080"], ["24576.70", "0.075"], ["24576.60", "0.537"], ["24576.50", "0.010"], ["24576.40", "0.002"], ["24576.30", "0.001"], ["24576.20", "3.241"], ["24576.10", "0.053"], ["24576.00", "0.220"], ["24575.90", "0.002"], ["24575.80", "0.082"], ["24575.70", "0.051"], ["24575.60", "0.002"], ["24575.50", "1.698"], ["24575.40", "0.151"], ["24575.30", "0.001"], ["24575.00", "4.200"], ["24574.90", "0.001"], ["24574.80", "0.002"], ["24574.70", "0.282"], ["24574.60", "0.394"], ["24574.50", "1.033"], ["24574.40", "4.991"], ["24574.30", "0.001"], ["24574.20", "0.001"], ["24574.10", "0.072"], ["24574.00", "0.349"], ["24573.90", "0.110"], ["24573.80", "0.001"], ["24573.50", "1.286"], ["24573.40", "9.948"], ["24573.20", "0.070"], ["24573.10", "0.050"], ["24573.00", "0.142"], ["24572.80", "0.001"], ["24572.70", "0.003"], ["24572.60", "0.045"], ["24572.50", "0.029"], ["24572.40", "0.068"], ["24572.30", "0.102"], ["24572.10", "0.021"], ["24572.00", "0.764"], ["24571.90", "0.144"], ["24571.80", "0.031"], ["24571.70", "1.114"], ["24571.60", "0.326"], ["24571.50", "0.501"], ["24571.40", "0.051"], ["24571.30", "0.068"], ["24571.20", "0.140"], ["24571.10", "0.051"], ["24571.00", "0.664"], ["24570.90", "0.024"], ["24570.80", "0.004"], ["24570.70", "0.054"], ["24570.60", "0.015"], ["24570.50", "0.138"], ["24570.40", "1.525"], ["24570.30", "0.001"], ["24570.20", "0.010"], ["24570.10", "0.133"], ["24570.00", "44.211"], ["24569.90", "0.042"], ["24569.80", "0.003"], ["24569.70", "0.070"], ["24569.50", "0.001"], ["24569.40", "0.149"], ["24569.30", "0.025"], ["24569.20", "0.138"], ["24569.10", "0.046"], ["24568.90", "0.019"], ["24568.70", "0.002"], ["24568.60", "6.741"], ["24568.50", "0.102"], ["24568.40", "0.023"], ["24568.30", "0.154"], ["24568.20", "0.004"], ["24568.10", "0.001"], ["24568.00", "0.856"], ["24567.80", "3.208"], ["24567.70", "0.002"], ["24567.60", "0.552"], ["24567.50", "17.946"], ["24567.20", "3.133"], ["24567.10", "0.310"], ["24567.00", "2.775"], ["24566.80", "3.212"], ["24566.60", "0.064"], ["24566.50", "0.002"], ["24566.40", "0.002"], ["24566.30", "0.069"], ["24566.20", "31.576"], ["24566.00", "3.010"], ["24565.90", "0.058"], ["24565.80", "0.031"], ["24565.70", "0.038"], ["24565.50", "0.180"], ["24565.40", "0.002"], ["24565.30", "0.191"], ["24565.20", "3.590"], ["24565.00", "1.532"], ["24564.90", "0.454"], ["24564.80", "0.060"], ["24564.70", "0.007"], ["24564.60", "0.196"], ["24564.50", "0.522"], ["24564.40", "0.001"], ["24564.30", "0.254"], ["24564.20", "0.001"], ["24564.10", "0.004"], ["24564.00", "3.191"], ["24563.80", "0.022"], ["24563.60", "0.073"], ["24563.50", "0.886"], ["24563.40", "0.004"], ["24563.30", "0.384"], ["24563.20", "0.026"], ["24563.10", "0.004"], ["24563.00", "0.163"], ["24562.90", "0.036"], ["24562.80", "0.063"], ["24562.70", "0.082"], ["24562.60", "1.496"], ["24562.50", "0.037"], ["24562.40", "0.006"], ["24562.30", "70.766"], ["24562.20", "0.009"], ["24562.00", "0.168"], ["24561.70", "0.129"], ["24561.60", "5.467"], ["24561.50", "0.500"], ["24561.40", "0.099"], ["24561.20", "0.005"], ["24561.10", "0.030"], ["24561.00", "0.310"], ["24560.90", "0.057"], ["24560.70", "3.313"], ["24560.50", "0.086"], ["24560.40", "0.021"], ["24560.30", "0.024"], ["24560.20", "0.001"], ["24560.10", "0.002"], ["24560.00", "21.153"], ["24559.90", "0.043"], ["24559.80", "0.006"], ["24559.70", "0.514"], ["24559.60", "0.002"], ["24559.50", "0.003"], ["24559.20", "0.060"], ["24559.10", "0.015"], ["24559.00", "0.086"], ["24558.90", "0.056"], ["24558.80", "3.056"], ["24558.60", "0.316"], ["24558.50", "0.061"], ["24558.30", "0.003"], ["24558.00", "1.993"], ["24557.80", "0.717"], ["24557.70", "0.009"], ["24557.60", "0.350"]], "asks": [["24671.00", "18.886"], ["24671.10", "0.001"], ["24671.20", "0.125"], ["24671.80", "0.006"], ["24672.30", "0.001"], ["24672.60", "0.020"], ["24672.90", "0.003"], ["24673.00", "0.006"], ["24673.20", "0.002"], ["24673.50", "0.040"], ["24673.60", "1.567"], ["24673.80", "0.350"], ["24673.90", "0.105"], ["24674.00", "3.666"], ["24674.10", "0.880"], ["24674.20", "0.324"], ["24674.30", "0.103"], ["24674.40", "0.060"], ["24674.50", "3.737"], ["24674.60", "1.570"], ["24674.70", "0.006"], ["24674.90", "0.002"], ["24675.10", "0.010"], ["24675.30", "0.001"], ["24675.40", "1.510"], ["24675.50", "0.001"], ["24675.60", "0.006"], ["24675.70", "0.071"], ["24675.80", "3.689"], ["24675.90", "0.039"], ["24676.00", "0.001"], ["24676.10", "0.051"], ["24676.20", "1.018"], ["24676.30", "0.101"], ["24676.50", "0.217"], ["24676.60", "3.757"], ["24676.80", "0.168"], ["24677.00", "0.741"], ["24677.10", "0.287"], ["24677.20", "2.006"], ["24677.40", "0.011"], ["24677.50", "0.500"], ["24677.60", "0.098"], ["24677.70", "0.003"], ["24677.80", "0.116"], ["24677.90", "6.930"], ["24678.00", "8.558"], ["24678.20", "0.008"], ["24678.30", "0.404"], ["24678.40", "0.071"], ["24678.50", "0.850"], ["24678.60", "3.079"], ["24678.70", "0.261"], ["24678.80", "0.146"], ["24678.90", "0.403"], ["24679.10", "0.232"], ["24679.20", "0.799"], ["24679.30", "0.193"], ["24679.40", "0.205"], ["24679.50", "0.721"], ["24679.60", "0.513"], ["24679.70", "1.082"], ["24679.80", "0.203"], ["24679.90", "0.001"], ["24680.00", "9.446"], ["24680.10", "0.001"], ["24680.30", "3.675"], ["24680.40", "7.902"], ["24680.50", "0.090"], ["24680.60", "0.897"], ["24680.90", "0.083"], ["24681.00", "3.580"], ["24681.10", "0.284"], ["24681.20", "0.240"], ["24681.30", "1.604"], ["24681.40", "0.500"], ["24681.50", "0.943"], ["24681.60", "0.020"], ["24681.70", "0.165"], ["24681.80", "0.582"], ["24681.90", "0.077"], ["24682.10", "0.400"], ["24682.20", "3.000"], ["24682.30", "0.040"], ["24682.40", "0.139"], ["24682.50", "0.635"], ["24682.60", "0.001"], ["24682.70", "0.002"], ["24682.80", "0.364"], ["24682.90", "0.007"], ["24683.00", "0.039"], ["24683.10", "13.873"], ["24683.20", "1.082"], ["24683.30", "0.442"], ["24683.40", "0.362"], ["24683.50", "1.527"], ["24683.60", "0.129"], ["24683.70", "0.163"], ["24683.80", "2.162"], ["24684.00", "2.027"], ["24684.20", "5.745"], ["24684.30", "0.202"], ["24684.40", "0.774"], ["24684.60", "1.111"], ["24684.90", "0.731"], ["24685.00", "0.937"], ["24685.10", "0.118"], ["24685.20", "0.008"], ["24685.30", "0.041"], ["24685.40", "0.617"], ["24685.50", "0.300"], ["24685.60", "0.437"], ["24685.70", "0.156"], ["24685.80", "0.325"], ["24685.90", "0.926"], ["24686.00", "0.029"], ["24686.10", "1.519"], ["24686.20", "0.876"], ["24686.30", "0.180"], ["24686.40", "0.055"], ["24686.50", "0.006"], ["24686.60", "1.910"], ["24686.70", "0.673"], ["24686.80", "2.106"], ["24687.10", "0.134"], ["24687.20", "1.206"], ["24687.30", "0.164"], ["24687.40", "0.868"], ["24687.50", "1.514"], ["24687.60", "0.269"], ["24687.70", "0.001"], ["24687.90", "0.340"], ["24688.00", "0.141"], ["24688.20", "1.492"], ["24688.30", "0.851"], ["24688.40", "1.327"], ["24688.50", "0.329"], ["24688.60", "0.011"], ["24688.80", "0.202"], ["24688.90", "0.300"], ["24689.00", "0.305"], ["24689.10", "0.203"], ["24689.30", "0.232"], ["24689.40", "0.001"], ["24689.50", "0.249"], ["24689.80", "0.145"], ["24690.00", "1.678"], ["24690.10", "0.020"], ["24690.20", "0.474"], ["24690.40", "1.849"], ["24690.50", "12.017"], ["24690.60", "0.649"], ["24690.70", "0.384"], ["24690.80", "0.810"], ["24690.90", "1.827"], ["24691.00", "0.406"], ["24691.10", "0.171"], ["24691.20", "0.475"], ["24691.30", "0.645"], ["24691.40", "0.010"], ["24691.50", "0.156"], ["24691.70", "6.400"], ["24691.80", "0.079"], ["24691.90", "0.006"], ["24692.00", "0.476"], ["24692.10", "0.050"], ["24692.20", "0.202"], ["24692.30", "0.010"], ["24692.50", "0.408"], ["24692.60", "3.090"], ["24692.70", "0.336"], ["24692.80", "0.134"], ["24692.90", "0.316"], ["24693.00", "0.224"], ["24693.10", "0.045"], ["24693.40", "0.202"], ["24693.60", "4.500"], ["24693.80", "1.292"], ["24693.90", "1.039"], ["24694.00", "1.110"], ["24694.10", "0.110"], ["24694.20", "0.694"], ["24694.50", "1.601"], ["24694.60", "0.074"], ["24694.70", "0.311"], ["24694.80", "0.180"], ["24694.90", "0.030"], ["24695.00", "5.522"], ["24695.10", "0.324"], ["24695.20", "0.234"], ["24695.30", "8.491"], ["24695.40", "0.465"], ["24695.60", "2.851"], ["24695.70", "0.526"], ["24696.00", "1.893"], ["24696.20", "0.416"], ["24696.30", "0.022"], ["24696.40", "3.729"], ["24696.50", "1.502"], ["24696.60", "0.141"], ["24696.70", "0.336"], ["24696.80", "1.248"], ["24696.90", "0.283"], ["24697.00", "0.288"], ["24697.10", "1.942"], ["24697.20", "4.049"], ["24697.30", "1.821"], ["24697.40", "3.163"], ["24697.60", "0.655"], ["24697.70", "0.008"], ["24697.80", "0.141"], ["24697.90", "0.282"], ["24698.00", "3.002"], ["24698.10", "0.008"], ["24698.20", "0.141"], ["24698.40", "0.163"], ["24698.50", "1.289"], ["24698.60", "0.202"], ["24698.70", "3.066"], ["24698.80", "17.048"], ["24699.00", "0.970"], ["24699.10", "0.065"], ["24699.20", "0.202"], ["24699.50", "0.058"], ["24699.70", "0.010"], ["24699.80", "0.004"], ["24699.90", "0.534"], ["24700.00", "50.445"], ["24700.10", "2.512"], ["24700.20", "3.096"], ["24700.30", "3.000"], ["24700.40", "0.408"], ["24700.50", "0.002"], ["24700.80", "3.851"], ["24700.90", "0.920"], ["24701.00", "3.837"], ["24701.10", "0.489"], ["24701.30", "0.561"], ["24701.40", "0.463"], ["24701.60", "0.210"], ["24702.00", "0.285"], ["24702.20", "2.213"], ["24702.40", "0.405"], ["24702.50", "0.260"], ["24702.60", "0.008"], ["24702.80", "0.888"], ["24702.90", "0.014"], ["24703.00", "0.180"], ["24703.10", "4.500"], ["24703.20", "0.010"], ["24703.30", "3.730"], ["24703.40", "2.800"], ["24703.50", "0.134"], ["24703.60", "0.747"], ["24703.70", "0.004"], ["24703.80", "16.401"], ["24703.90", "0.232"], ["24704.00", "0.100"], ["24704.40", "3.436"], ["24704.50", "3.117"], ["24704.60", "12.338"], ["24704.70", "0.203"], ["24704.80", "0.001"], ["24704.90", "0.164"], ["24705.00", "1.835"], ["24705.10", "0.087"], ["24705.20", "0.721"], ["24705.30", "3.000"], ["24705.40", "0.010"], ["24705.60", "0.372"], ["24705.70", "0.438"], ["24706.00", "1.503"], ["24706.20", "0.420"], ["24706.30", "0.162"], ["24706.40", "0.002"], ["24706.60", "0.009"], ["24706.70", "2.044"], ["24706.80", "0.634"], ["24707.00", "0.100"], ["24707.10", "5.705"], ["24707.20", "0.150"], ["24707.30", "0.015"], ["24707.40", "3.385"], ["24707.50", "0.330"], ["24707.60", "0.489"], ["24707.70", "0.420"], ["24707.80", "0.704"], ["24707.90", "0.193"], ["24708.00", "1.156"], ["24708.10", "14.736"], ["24708.20", "0.443"], ["24708.30", "1.746"], ["24708.40", "0.154"], ["24708.50", "1.530"], ["24708.60", "0.008"], ["24708.70", "0.008"], ["24708.80", "0.242"], ["24708.90", "5.062"], ["24709.00", "0.425"], ["24709.10", "0.402"], ["24709.20", "2.656"], ["24709.40", "0.041"], ["24709.50", "5.781"], ["24709.60", "3.019"], ["24709.70", "0.110"], ["24709.80", "0.001"], ["24709.90", "0.218"], ["24710.00", "2.392"], ["24710.10", "0.404"], ["24710.20", "0.005"], ["24710.40", "1.576"], ["24710.60", "0.004"], ["24710.70", "0.487"], ["24710.80", "0.030"], ["24710.90", "1.444"], ["24711.00", "0.130"], ["24711.10", "1.251"], ["24711.20", "3.412"], ["24711.30", "0.002"], ["24711.50", "0.490"], ["24711.60", "0.313"], ["24711.70", "0.006"], ["24711.80", "0.106"], ["24711.90", "1.575"], ["24712.00", "0.348"], ["24712.10", "0.043"], ["24712.20", "5.876"], ["24712.40", "0.084"], ["24712.60", "0.001"], ["24712.70", "0.202"], ["24712.80", "0.088"], ["24712.90", "0.100"], ["24713.00", "0.164"], ["24713.10", "0.080"], ["24713.30", "2.219"], ["24713.40", "0.001"], ["24713.50", "0.202"], ["24713.60", "0.004"], ["24713.70", "0.003"], ["24713.80", "26.346"], ["24713.90", "0.913"], ["24714.00", "0.001"], ["24714.10", "0.254"], ["24714.20", "0.325"], ["24714.30", "1.500"], ["24714.40", "0.050"], ["24714.60", "16.965"], ["24714.70", "0.034"], ["24714.90", "1.135"], ["24715.00", "0.547"], ["24715.10", "1.435"], ["24715.20", "0.392"], ["24715.30", "0.004"], ["24715.40", "0.106"], ["24715.50", "0.170"], ["24715.60", "0.045"], ["24715.80", "0.001"], ["24715.90", "0.001"], ["24716.00", "1.999"], ["24716.10", "0.001"], ["24716.20", "0.264"], ["24716.30", "0.091"], ["24716.40", "0.749"], ["24716.50", "0.202"], ["24716.60", "0.001"], ["24716.80", "1.504"], ["24716.90", "0.001"], ["24717.00", "0.100"], ["24717.10", "1.037"], ["24717.20", "0.005"], ["24717.30", "0.001"], ["24717.40", "0.223"], ["24717.50", "5.968"], ["24717.60", "0.030"], ["24717.80", "0.050"], ["24717.90", "0.404"], ["24718.00", "0.732"], ["24718.10", "0.591"], ["24718.40", "0.046"], ["24718.50", "0.341"], ["24718.70", "0.162"], ["24718.90", "0.177"], ["24719.00", "0.392"], ["24719.10", "0.102"], ["24719.20", "0.101"], ["24719.30", "0.069"], ["24719.40", "1.904"], ["24719.60", "0.152"], ["24719.70", "0.263"], ["24720.00", "13.722"], ["24720.10", "0.052"], ["24720.20", "3.956"], ["24720.30", "0.101"], ["24720.40", "2.220"], ["24720.50", "3.117"], ["24720.60", "12.646"], ["24720.70", "1.904"], ["24721.00", "0.102"], ["24721.10", "0.008"], ["24721.20", "0.001"], ["24721.30", "0.039"], ["24721.40", "1.087"], ["24721.50", "3.677"], ["24721.60", "0.002"], ["24721.70", "0.100"], ["24722.00", "0.167"], ["24722.10", "0.032"], ["24722.20", "0.448"], ["24722.50", "3.069"], ["24722.60", "0.038"], ["24722.70", "0.310"], ["24722.80", "0.320"], ["24722.90", "0.632"], ["24723.00", "1.772"], ["24723.10", "0.894"], ["24723.20", "0.089"], ["24723.30", "1.766"], ["24723.40", "1.348"], ["24723.50", "6.301"], ["24723.60", "5.057"], ["24723.70", "0.404"], ["24723.80", "3.568"], ["24724.00", "0.005"], ["24724.10", "0.052"], ["24724.20", "0.224"], ["24724.50", "0.376"], ["24724.60", "0.008"], ["24724.70", "0.322"], ["24724.80", "0.686"], ["24724.90", "0.248"], ["24725.00", "2.229"], ["24725.10", "1.500"], ["24725.20", "0.108"], ["24725.30", "0.001"], ["24725.40", "0.203"], ["24725.60", "0.010"], ["24725.70", "0.010"], ["24725.90", "0.278"], ["24726.00", "0.165"], ["24726.10", "0.429"], ["24726.40", "6.043"], ["24726.50", "1.816"], ["24726.60", "0.062"], ["24726.70", "0.580"], ["24726.90", "0.958"], ["24727.00", "0.322"], ["24727.10", "0.035"], ["24727.20", "0.050"], ["24727.30", "0.164"], ["24727.40", "3.097"], ["24727.50", "1.715"], ["24727.60", "0.094"], ["24727.80", "0.254"], ["24727.90", "2.814"], ["24728.00", "0.169"], ["24728.10", "0.808"], ["24728.20", "0.945"], ["24728.30", "0.028"], ["24728.40", "0.313"], ["24728.50", "0.028"], ["24728.60", "0.214"], ["24728.70", "0.332"], ["24728.80", "0.045"], ["24728.90", "0.623"], ["24729.00", "0.104"], ["24729.10", "0.006"], ["24729.20", "0.001"], ["24729.30", "1.519"], ["24729.50", "4.731"], ["24729.60", "0.116"], ["24729.70", "0.001"], ["24729.80", "0.076"], ["24730.00", "5.974"], ["24730.20", "0.202"], ["24730.30", "0.832"], ["24730.40", "0.060"], ["24730.50", "0.023"], ["24730.70", "0.324"], ["24730.80", "0.001"], ["24730.90", "0.004"], ["24731.00", "0.102"], ["24731.10", "0.001"], ["24731.30", "0.384"], ["24731.40", "5.377"], ["24731.50", "0.705"], ["24731.60", "0.731"], ["24731.70", "0.001"], ["24732.00", "3.251"], ["24732.10", "0.205"], ["24732.20", "0.068"], ["24732.30", "3.000"], ["24732.40", "9.738"], ["24732.50", "0.624"], ["24732.60", "0.075"], ["24732.70", "0.673"], ["24732.80", "0.633"], ["24732.90", "0.013"], ["24733.00", "0.100"], ["24733.20", "1.112"], ["24733.30", "0.202"], ["24733.40", "1.215"], ["24733.60", "0.001"], ["24733.70", "0.388"], ["24734.00", "0.400"], ["24734.10", "0.083"], ["24734.20", "0.202"], ["24734.30", "0.008"], ["24734.40", "0.093"], ["24734.60", "3.202"], ["24734.70", "0.001"], ["24734.80", "12.337"], ["24734.90", "0.993"], ["24735.00", "6.456"], ["24735.10", "0.393"], ["24735.30", "4.014"], ["24735.40", "0.131"], ["24735.50", "0.011"], ["24735.70", "0.255"], ["24735.90", "2.590"], ["24736.00", "0.309"], ["24736.10", "0.001"], ["24736.20", "3.035"], ["24736.50", "0.048"], ["24736.60", "0.207"], ["24736.70", "0.069"], ["24736.90", "0.028"], ["24737.00", "0.282"], ["24737.20", "0.583"], ["24737.30", "0.094"], ["24737.60", "0.166"], ["24737.80", "0.202"], ["24738.00", "0.001"], ["24738.10", "0.093"], ["24738.20", "2.786"], ["24738.40", "0.668"], ["24738.60", "0.068"], ["24738.70", "0.154"], ["24738.80", "0.162"], ["24738.90", "0.257"], ["24739.00", "0.317"], ["24739.10", "0.324"], ["24739.20", "0.011"], ["24739.30", "0.234"], ["24739.40", "0.627"], ["24739.50", "0.146"], ["24739.80", "0.162"], ["24739.90", "2.934"], ["24740.00", "8.397"], ["24740.10", "1.046"], ["24740.20", "0.204"], ["24740.30", "0.100"], ["24740.40", "0.113"], ["24740.50", "0.542"], ["24740.70", "0.162"], ["24740.80", "5.137"], ["24740.90", "0.417"], ["24741.00", "0.862"], ["24741.10", "0.094"], ["24741.20", "0.260"], ["24741.30", "0.049"], ["24741.40", "0.053"], ["24741.50", "0.318"], ["24741.60", "0.630"], ["24741.70", "0.202"], ["24741.80", "0.661"], ["24741.90", "1.317"], ["24742.00", "0.521"], ["24742.10", "0.001"], ["24742.20", "0.001"], ["24742.40", "0.161"], ["24742.60", "0.001"], ["24742.70", "0.001"], ["24742.80", "0.252"], ["24742.90", "0.045"], ["24743.00", "0.501"], ["24743.10", "0.180"], ["24743.20", "0.235"], ["24743.50", "0.060"], ["24743.60", "0.530"], ["24743.70", "0.204"], ["24743.90", "0.089"], ["24744.00", "0.065"], ["24744.10", "0.008"], ["24744.20", "0.003"], ["24744.40", "0.008"], ["24744.50", "0.300"], ["24744.60", "0.045"], ["24744.70", "0.202"], ["24744.80", "0.001"], ["24745.00", "12.639"], ["24745.20", "0.121"], ["24745.40", "0.100"], ["24745.50", "0.003"], ["24745.70", "0.362"], ["24745.80", "0.008"], ["24745.90", "2.355"], ["24746.00", "0.001"], ["24746.10", "0.162"], ["24746.20", "0.202"], ["24746.50", "0.364"], ["24746.90", "3.117"], ["24747.00", "0.302"], ["24747.20", "0.206"], ["24747.50", "0.002"], ["24747.70", "0.162"], ["24747.80", "0.323"], ["24748.00", "1.076"], ["24748.10", "0.203"], ["24748.20", "0.001"], ["24748.70", "5.997"], ["24748.90", "0.006"], ["24749.00", "0.155"], ["24749.20", "0.099"], ["24749.30", "0.162"], ["24749.40", "0.001"], ["24749.50", "0.053"], ["24749.60", "0.007"], ["24749.70", "0.201"], ["24749.80", "0.136"], ["24749.90", "0.471"], ["24750.00", "5.984"], ["24750.10", "0.003"], ["24750.20", "0.062"], ["24750.40", "0.579"], ["24750.50", "0.162"], ["24750.60", "0.052"], ["24750.90", "0.086"], ["24751.00", "0.385"], ["24751.10", "0.231"], ["24751.40", "0.113"], ["24751.50", "0.200"], ["24751.60", "0.001"], ["24751.70", "0.094"], ["24751.80", "0.202"], ["24751.90", "0.310"], ["24752.00", "2.229"], ["24752.30", "0.012"], ["24752.40", "0.119"], ["24752.50", "0.083"], ["24752.60", "0.290"], ["24752.80", "0.122"], ["24752.90", "2.694"], ["24753.00", "14.008"], ["24753.10", "0.219"], ["24753.20", "0.202"], ["24753.60", "1.267"], ["24753.80", "0.030"], ["24753.90", "0.310"], ["24754.00", "0.636"], ["24754.30", "0.302"], ["24754.40", "0.001"], ["24754.50", "0.202"], ["24754.80", "0.002"], ["24754.90", "2.058"], ["24755.00", "1.306"], ["24755.20", "0.001"], ["24755.50", "0.012"], ["24755.60", "0.005"], ["24755.70", "0.257"], ["24755.80", "0.007"], ["24755.90", "0.317"], ["24756.00", "0.363"], ["24756.20", "0.201"], ["24756.40", "0.070"], ["24756.60", "0.080"], ["24756.70", "0.059"], ["24756.90", "0.046"], ["24757.00", "1.297"], ["24757.10", "0.202"], ["24757.50", "0.348"], ["24757.60", "0.006"], ["24757.90", "0.001"], ["24758.00", "0.337"], ["24758.20", "0.045"], ["24758.40", "0.002"], ["24758.60", "0.001"], ["24758.70", "17.916"], ["24758.80", "0.010"], ["24758.90", "0.005"], ["24759.00", "3.202"], ["24759.20", "0.100"], ["24759.30", "0.022"], ["24759.40", "0.060"], ["24759.60", "0.313"], ["24759.70", "0.035"], ["24759.80", "0.004"], ["24759.90", "0.006"], ["24760.00", "5.684"], ["24760.10", "0.304"], ["24760.30", "0.036"], ["24760.40", "0.051"], ["24760.70", "0.866"], ["24760.80", "5.258"], ["24760.90", "0.069"], ["24761.00", "0.109"], ["24761.20", "0.062"], ["24761.50", "0.132"], ["24761.60", "0.191"], ["24761.70", "0.027"], ["24761.80", "0.002"], ["24762.00", "0.107"], ["24762.10", "13.044"], ["24762.20", "12.679"], ["24762.40", "0.030"], ["24762.50", "0.282"], ["24762.70", "0.009"], ["24762.90", "0.001"], ["24763.00", "0.302"], ["24763.20", "0.010"], ["24763.30", "0.254"], ["24763.40", "0.051"], ["24763.60", "0.002"], ["24763.80", "0.201"], ["24763.90", "0.580"], ["24764.00", "0.038"], ["24764.10", "0.023"], ["24764.20", "0.168"], ["24764.30", "0.430"], ["24764.40", "0.050"], ["24764.50", "0.103"], ["24764.60", "1.915"], ["24764.70", "0.100"], ["24764.80", "0.014"], ["24764.90", "0.054"], ["24765.00", "1.744"], ["24765.20", "0.002"], ["24765.30", "0.100"], ["24765.40", "0.451"], ["24765.60", "0.162"], ["24765.70", "0.001"], ["24765.80", "0.001"], ["24765.90", "0.100"], ["24766.30", "6.438"], ["24766.40", "0.323"], ["24766.50", "0.001"], ["24766.60", "0.476"], ["24766.70", "0.226"], ["24766.80", "0.003"], ["24767.00", "0.100"], ["24767.40", "0.217"], ["24767.50", "0.054"], ["24767.60", "2.982"], ["24767.70", "0.008"], ["24767.80", "0.237"], ["24767.90", "0.230"], ["24768.00", "1.170"], ["24768.20", "0.001"], ["24768.30", "0.006"], ["24768.40", "0.227"], ["24768.50", "0.312"], ["24768.70", "0.001"], ["24768.90", "0.037"], ["24769.00", "1.170"], ["24769.10", "0.202"], ["24769.70", "0.086"], ["24769.80", "0.201"], ["24770.00", "2.163"], ["24770.20", "0.001"], ["24770.30", "0.201"], ["24770.40", "0.002"], ["24770.50", "0.324"], ["24770.60", "0.322"], ["24770.80", "0.005"], ["24771.00", "0.327"], ["24771.10", "0.001"], ["24771.20", "0.203"], ["24771.30", "0.085"], ["24771.40", "0.081"], ["24771.50", "0.254"], ["24771.60", "1.001"], ["24771.70", "0.052"], ["24771.90", "0.054"], ["24772.00", "0.201"], ["24772.50", "0.988"], ["24772.60", "0.201"], ["24772.70", "0.055"], ["24773.00", "0.100"], ["24773.10", "0.403"], ["24773.40", "0.201"], ["24773.60", "0.163"], ["24774.00", "0.004"], ["24774.10", "0.163"], ["24774.30", "0.060"], ["24774.50", "0.003"], ["24774.60", "0.054"], ["24774.70", "0.202"], ["24774.80", "0.201"], ["24775.00", "0.247"], ["24775.30", "0.001"], ["24775.50", "5.151"], ["24775.60", "0.317"], ["24775.70", "0.015"], ["24775.80", "2.420"], ["24775.90", "0.307"], ["24776.00", "0.015"], ["24776.10", "0.508"], ["24776.20", "3.168"], ["24776.30", "0.016"], ["24776.40", "12.394"], ["24776.60", "0.052"], ["24776.70", "0.242"], ["24776.80", "0.162"], ["24776.90", "0.003"], ["24777.00", "0.336"], ["24777.10", "0.053"], ["24777.20", "0.002"], ["24777.40", "0.485"], ["24777.50", "0.002"], ["24777.60", "0.001"], ["24777.80", "4.363"], ["24777.90", "0.002"], ["24778.00", "0.320"], ["24778.10", "0.077"], ["24778.20", "0.315"], ["24778.30", "0.203"], ["24778.60", "0.402"], ["24778.80", "0.001"], ["24779.00", "0.101"], ["24779.10", "0.057"], ["24779.20", "0.162"], ["24779.50", "0.062"], ["24779.60", "0.050"], ["24779.70", "0.166"], ["24779.80", "0.001"], ["24779.90", "0.002"], ["24780.00", "3.198"], ["24780.20", "0.086"], ["24780.30", "0.310"], ["24780.40", "0.041"], ["24780.90", "0.023"], ["24781.00", "0.105"], ["24781.20", "0.046"], ["24781.50", "1.676"], ["24781.60", "0.003"], ["24781.70", "0.139"], ["24781.90", "0.083"], ["24782.00", "0.131"], ["24782.30", "0.083"], ["24782.50", "0.320"], ["24782.70", "0.083"], ["24783.00", "0.045"], ["24783.10", "0.012"], ["24783.20", "0.001"], ["24783.40", "3.360"], ["24783.60", "0.008"], ["24783.70", "2.311"], ["24784.00", "0.393"], ["24784.20", "0.001"], ["24784.40", "0.056"], ["24784.50", "0.060"], ["24784.60", "0.029"], ["24784.70", "0.342"], ["24784.80", "0.001"], ["24784.90", "0.871"], ["24785.00", "5.867"], ["24785.10", "0.001"], ["24785.30", "0.002"], ["24785.40", "0.003"], ["24785.50", "0.003"], ["24785.60", "0.017"], ["24785.70", "0.194"], ["24786.20", "0.162"], ["24786.30", "0.128"], ["24786.40", "0.143"], ["24786.50", "3.555"], ["24786.60", "0.010"], ["24786.80", "0.560"], ["24786.90", "0.410"], ["24787.00", "0.100"], ["24787.10", "0.001"], ["24787.20", "0.054"], ["24787.40", "0.008"], ["24787.60", "0.001"], ["24787.70", "0.247"], ["24787.80", "31.290"], ["24787.90", "0.163"], ["24788.00", "0.314"], ["24788.10", "0.001"], ["24788.20", "0.398"], ["24788.70", "0.042"], ["24788.80", "0.001"], ["24788.90", "0.001"], ["24789.00", "0.147"], ["24789.10", "0.308"], ["24789.20", "0.238"], ["24789.30", "0.004"], ["24789.40", "0.305"], ["24789.50", "0.523"], ["24789.70", "0.008"], ["24789.90", "0.009"], ["24790.00", "0.319"], ["24790.10", "0.046"], ["24790.20", "5.058"], ["24790.40", "0.252"], ["24790.50", "0.672"], ["24790.60", "0.097"], ["24790.70", "0.050"], ["24790.90", "0.069"], ["24791.00", "0.100"], ["24791.10", "0.005"], ["24791.20", "0.315"], ["24791.40", "0.075"], ["24791.50", "0.100"], ["24791.60", "0.101"], ["24791.80", "0.001"], ["24792.00", "0.624"], ["24792.10", "0.004"], ["24792.30", "0.038"], ["24792.40", "0.035"], ["24792.50", "0.041"], ["24792.70", "0.010"], ["24792.80", "0.097"], ["24793.00", "0.017"], ["24793.30", "0.926"], ["24793.70", "0.012"], ["24794.00", "0.328"], ["24794.10", "0.020"], ["24794.40", "0.163"], ["24794.50", "0.060"], ["24794.60", "0.306"], ["24794.70", "0.004"], ["24794.80", "0.240"], ["24794.90", "0.001"], ["24795.00", "0.092"], ["24795.30", "0.168"], ["24795.40", "0.304"], ["24795.50", "0.190"], ["24795.60", "0.012"], ["24795.80", "0.001"], ["24795.90", "0.066"], ["24796.00", "0.178"], ["24796.10", "0.021"], ["24796.20", "4.501"], ["24796.40", "0.001"], ["24796.60", "0.002"], ["24796.70", "0.001"], ["24796.80", "0.540"], ["24797.00", "0.203"], ["24797.10", "0.011"], ["24797.20", "0.628"], ["24797.40", "0.069"], ["24797.50", "0.364"], ["24797.60", "0.022"], ["24797.70", "0.162"], ["24798.00", "0.004"], ["24798.20", "0.001"], ["24798.30", "0.003"], ["24798.40", "0.001"], ["24798.50", "0.001"], ["24798.70", "0.120"], ["24798.80", "0.001"], ["24798.90", "1.740"], ["24799.00", "0.085"], ["24799.40", "0.131"], ["24799.60", "1.531"], ["24799.70", "0.469"], ["24799.80", "0.004"], ["24799.90", "0.287"], ["24800.00", "19.443"], ["24800.10", "0.015"], ["24800.20", "0.010"], ["24800.30", "0.011"], ["24800.70", "2.968"], ["24800.80", "0.090"], ["24801.00", "0.023"], ["24801.30", "0.563"], ["24801.40", "0.035"], ["24801.70", "0.001"], ["24801.90", "0.322"], ["24802.00", "0.007"], ["24802.10", "0.005"], ["24802.30", "0.001"], ["24802.40", "0.810"], ["24802.60", "0.069"], ["24802.70", "0.002"], ["24803.00", "0.134"], ["24803.10", "0.958"], ["24803.20", "0.005"], ["24803.30", "0.010"], ["24803.40", "0.002"], ["24803.60", "0.002"], ["24803.90", "0.003"], ["24804.00", "0.532"], ["24804.10", "0.320"], ["24804.20", "0.072"], ["24804.30", "0.015"], ["24804.50", "3.037"], ["24804.60", "0.120"], ["24804.90", "0.120"], ["24805.00", "0.438"], ["24805.10", "0.022"], ["24805.20", "0.079"], ["24805.40", "0.120"], ["24805.50", "9.950"], ["24805.70", "0.050"], ["24805.80", "0.027"], ["24806.00", "0.004"], ["24806.10", "0.153"], ["24806.20", "0.120"], ["24806.30", "0.007"]]}
1660228022698225 {"stream":"btcusdt@trade","data":{"e":"trade","E":1660228023636,"T":1660228023627,"s":"BTCUSDT","t":2691833633,"p":"24671.00","q":"0.023","X":"MARKET","m":false}}
1660228022698360 {"stream":"btcusdt@trade","data":{"e":"trade","E":1660228023636,"T":1660228023628,"s":"BTCUSDT","t":2691833634,"p":"24671.00","q":"0.127","X":"MARKET","m":false}}
1660228022698465 {"stream":"btcusdt@trade","data":{"e":"trade","E":1660228023636,"T":1660228023628,"s":"BTCUSDT","t":2691833635,"p":"24671.00","q":"0.115","X":"MARKET","m":false}}
1660228022698587 {"stream":"btcusdt@trade","data":{"e":"trade","E":1660228023636,"T":1660228023628,"s":"BTCUSDT","t":2691833636,"p":"24671.00","q":"0.142","X":"MARKET","m":false}}
1660228022698882 {"stream":"btcusdt@trade","data":{"e":"trade","E":1660228023636,"T":1660228023628,"s":"BTCUSDT","t":2691833637,"p":"24671.00","q":"0.020","X":"MARKET","m":false}}
1660228022698934 {"stream":"btcusdt@trade","data":{"e":"trade","E":1660228023636,"T":1660228023628,"s":"BTCUSDT","t":2691833638,"p":"24671.00","q":"0.011","X":"MARKET","m":false}}
1660228022706010 {"stream":"btcusdt@trade","data":{"e":"trade","E":1660228023643,"T":1660228023639,"s":"BTCUSDT","t":2691833639,"p":"24671.00","q":"0.001","X":"MARKET","m":false}}
1660228022715897 {"stream":"btcusdt@trade","data":{"e":"trade","E":1660228023654,"T":1660228023648,"s":"BTCUSDT","t":2691833640,"p":"24670.90","q":"0.002","X":"MARKET","m":true}}
1660228022879138 {"stream":"btcusdt@trade","data":{"e":"trade","E":1660228023818,"T":1660228023811,"s":"BTCUSDT","t":2691833641,"p":"24670.90","q":"0.118","X":"MARKET","m":true}}
1660228022880498 {"stream":"btcusdt@trade","data":{"e":"trade","E":1660228023818,"T":1660228023811,"s":"BTCUSDT","t":2691833642,"p":"24670.90","q":"0.240","X":"MARKET","m":true}}
1660228022880662 {"stream":"btcusdt@trade","data":{"e":"trade","E":1660228023818,"T":1660228023811,"s":"BTCUSDT","t":2691833643,"p":"24670.90","q":"1.110","X":"MARKET","m":true}}
1660228022880725 {"stream":"btcusdt@trade","data":{"e":"trade","E":1660228023818,"T":1660228023811,"s":"BTCUSDT","t":2691833644,"p":"24670.90","q":"1.745","X":"MARKET","m":true}}
1660228022880765 {"stream":"btcusdt@trade","data":{"e":"trade","E":1660228023818,"T":1660228023811,"s":"BTCUSDT","t":2691833645,"p":"24670.90","q":"0.014","X":"MARKET","m":true}}
1660228022880803 {"stream":"btcusdt@trade","data":{"e":"trade","E":1660228023818,"T":1660228023811,"s":"BTCUSDT","t":2691833646,"p":"24670.90","q":"0.125","X":"MARKET","m":true}}
1660228022880839 {"stream":"btcusdt@trade","data":{"e":"trade","E":1660228023818,"T":1660228023811,"s":"BTCUSDT","t":2691833647,"p":"24670.90","q":"0.070","X":"MARKET","m":true}}
1660228022880874 {"stream":"btcusdt@trade","data":{"e":"trade","E":1660228023818,"T":1660228023811,"s":"BTCUSDT","t":2691833648,"p":"24670.90","q":"0.382","X":"MARKET","m":true}}
1660228022883611 {"stream":"btcusdt@trade","data":{"e":"trade","E":1660228023820,"T":1660228023811,"s":"BTCUSDT","t":2691833649,"p":"24670.90","q":"0.070","X":"MARKET","m":true}}
1660228022883743 {"stream":"btcusdt@trade","data":{"e":"trade","E":1660228023820,"T":1660228023811,"s":"BTCUSDT","t":2691833650,"p":"24670.90","q":"0.350","X":"MARKET","m":true}}
1660228022883805 {"stream":"btcusdt@trade","data":{"e":"trade","E":1660228023820,"T":1660228023811,"s":"BTCUSDT","t":2691833651,"p":"24670.90","q":"0.160","X":"MARKET","m":true}}
1660228022883844 {"stream":"btcusdt@trade","data":{"e":"trade","E":1660228023820,"T":1660228023811,"s":"BTCUSDT","t":2691833652,"p":"24670.90","q":"0.012","X":"MARKET","m":true}}
1660228022883880 {"stream":"btcusdt@trade","data":{"e":"trade","E":1660228023821,"T":1660228023811,"s":"BTCUSDT","t":2691833653,"p":"24670.90","q":"0.125","X":"MARKET","m":true}}
1660228022883915 {"stream":"btcusdt@trade","data":{"e":"trade","E":1660228023821,"T":1660228023811,"s":"BTCUSDT","t":2691833654,"p":"24670.90","q":"0.125","X":"MARKET","m":true}}
1660228022883949 {"stream":"btcusdt@trade","data":{"e":"trade","E":1660228023821,"T":1660228023811,"s":"BTCUSDT","t":2691833655,"p":"24670.90","q":"0.100","X":"MARKET","m":true}}
1660228022883983 {"stream":"btcusdt@trade","data":{"e":"trade","E":1660228023821,"T":1660228023811,"s":"BTCUSDT","t":2691833656,"p":"24670.90","q":"0.080","X":"MARKET","m":true}}
1660228022884018 {"stream":"btcusdt@trade","data":{"e":"trade","E":1660228023821,"T":1660228023811,"s":"BTCUSDT","t":2691833657,"p":"24670.90","q":"0.238","X":"MARKET","m":true}}
1660228022887925 {"stream":"btcusdt@trade","data":{"e":"trade","E":1660228023826,"T":1660228023821,"s":"BTCUSDT","t":2691833658,"p":"24670.90","q":"0.001","X":"MARKET","m":true}}
1660228022888182 {"stream":"btcusdt@trade","data":{"e":"trade","E":1660228023826,"T":1660228023822,"s":"BTCUSDT","t":2691833659,"p":"24671.00","q":"0.023","X":"MARKET","m":false}}
1660228022925793 {"stream":"btcusdt@trade","data":{"e":"trade","E":1660228023863,"T":1660228023858,"s":"BTCUSDT","t":2691833660,"p":"24670.90","q":"0.150","X":"MARKET","m":true}}
1660228022983500 {"stream":"btcusdt@trade","data":{"e":"trade","E":1660228023921,"T":1660228023914,"s":"BTCUSDT","t":2691833661,"p":"24671.00","q":"0.004","X":"MARKET","m":false}}
1660228023017601 {"stream":"btcusdt@trade","data":{"e":"trade","E":1660228023956,"T":1660228023946,"s":"BTCUSDT","t":2691833662,"p":"24671.00","q":"0.002","X":"MARKET","m":false}}
1660228023037049 {"stream":"btcusdt@depth@0ms","data":{"e":"depthUpdate","E":1660228023476,"T":1660228023465,"s":"BTCUSDT","U":1801732813937,"u":1801732815158,"pu":1801732813884,"b":[["2467.10","0.000"],["24609.40","0.126"],["24619.60","2.489"],["24655.90","1.766"],["24658.90","2.500"],["24659.10","1.920"],["24659.80","3.791"],["24660.70","0.023"],["24664.90","3.279"],["24667.30","0.002"],["24669.70","0.000"],["24670.90","6.351"],["24688.30","0.000"]],"a":[["24653.60","0.000"],["24668.70","0.000"],["24669.50","0.000"],["24669.70","0.000"],["24670.70","0.000"],["24670.90","0.000"],["24671.00","18.878"],["24673.20","0.000"],["24674.10","0.438"],["24675.70","0.071"],["24675.90","0.039"],["24678.50","0.050"],["24681.80","0.982"],["24682.10","3.000"],["24682.20","0.000"],["24683.90","2.000"],["24684.00","1.227"],["24684.20","3.745"],["24684.30","0.976"],["24684.40","0.000"],["24684.70","0.046"],["24684.80","0.084"],["24685.20","0.089"],["24685.40","0.017"],["24685.90","0.526"],["24696.40","3.771"],["24698.30","0.085"]]}}
1660228023037049 {"stream":"btcusdt@depth@0ms","data":{"e":"depthUpdate","E":1660228023509,"T":1660228023501,"s":"BTCUSDT","U":1801732815165,"u":1801732816950,"pu":1801732815158,"b":[["2467.10","0.000"],["12006.00","0.000"],["23437.40","0.001"],["24601.90","0.237"],["24602.90","0.240"],["24617.60","3.088"],["24658.90","2.500"],["24659.00","13.393"],["24659.80","3.791"],["24660.70","0.023"],["24661.10","1.123"],["24664.90","3.277"],["24665.20","0.529"],["24666.00","5.575"],["24667.00","0.209"],["24667.40","1.509"],["24669.40","0.006"],["24670.90","6.591"],["24671.00","0.000"],["24688.30","0.000"]],"a":[["24653.60","0.000"],["24670.00","0.000"],["24670.30","0.000"],["24670.90","0.000"],["24671.00","19.409"],["24671.10","0.000"],["24671.20","0.000"],["24673.20","0.000"],["24675.70","0.071"],["24675.90","0.012"],["24678.50","0.050"],["24681.80","0.582"],["24681.90","0.477"],["24682.10","0.000"],["24682.20","3.000"],["24683.90","2.000"],["24684.00","1.227"],["24684.20","3.745"],["24684.30","0.976"],["24684.40","0.000"],["24685.40","0.017"],["24685.90","0.526"],["24731.00","1.177"],["24731.40","4.302"],["24742.00","0.341"],["24742.90","0.225"]]}}
1660228023037049 {"stream":"btcusdt@depth@0ms","data":{"e":"depthUpdate","E":1660228023542,"T":1660228023534,"s":"BTCUSDT","U":1801732817071,"u":1801732818363,"pu":1801732816950,"b":[["2467.10","0.000"],["23508.60","0.001"],["24300.00","56.445"],["24618.30","0.265"],["24618.80","0.301"],["24654.00","0.131"],["24664.60","3.079"],["24666.90","0.003"],["24667.00","0.207"],["24669.30","0.000"],["24671.00","0.000"],["24688.30","0.000"]],"a":[["24653.60","0.000"],["24670.20","0.000"],["24670.50","0.000"],["24670.70","0.000"],["24670.80","0.000"],["24670.90","0.000"],["24671.00","19.534"],["24673.10","0.000"],["24673.20","0.000"],["24673.70","0.050"],["24674.60","1.520"],["24675.60","0.000"],["24675.70","0.071"],["24675.90","0.018"],["24676.40","0.100"],["24681.30","1.504"],["24685.20","0.008"],["24851.40","0.315"],["24970.70","0.940"]]}}
1660228023037049 {"stream":"btcusdt@depth@0ms","data":{"e":"depthUpdate","E":1660228023577,"T":1660228023570,"s":"BTCUSDT","U":1801732818524,"u":1801732819769,"pu":1801732818363,"b":[["2467.10","0.008"],["12006.00","0.001"],["24617.60","2.923"],["24618.30","0.100"],["24619.10","4.146"],["24658.90","1.500"],["24659.00","13.393"],["24659.10","2.920"],["24659.80","4.591"],["24660.70","0.023"],["24665.90","0.024"],["24666.00","2.182"],["24666.30","5.033"],["24666.90","0.001"],["24667.30","0.004"],["24668.50","0.548"],["24669.70","0.000"],["24670.90","7.108"],["24688.30","0.000"],["25781.20","0.000"]],"a":[["24653.60","0.000"],["24670.60","0.000"],["24670.70","0.000"],["24670.90","0.000"],["24671.00","19.557"],["24673.30","0.000"],["24673.40","0.002"],["24674.10","0.308"],["24674.30","0.000"],["24675.80","3.689"],["24675.90","0.020"],["24678.20","0.008"],["24678.30","0.413"],["24678.40","0.171"],["24678.50","0.850"],["24681.90","0.077"],["24682.10","0.000"],["24682.20","0.000"],["24682.30","3.440"],["24683.90","0.000"],["24684.10","0.000"],["24684.20","3.745"],["24684.30","0.202"],["24684.40","2.774"],["24685.40","0.017"],["24685.90","0.926"],["24713.30","2.310"],["24716.30","0.000"]]}}
1660228023037049 {"stream":"btcusdt@depth@0ms","data":{"e":"depthUpdate","E":1660228023609,"T":1660228023601,"s":"BTCUSDT","U":1801732819804,"u":1801732820786,"pu":1801732819769,"b":[["2467.10","0.000"],["24374.80","0.206"],["24601.60","0.180"],["24602.90","0.060"],["24604.70","0.074"],["24617.60","3.088"],["24659.00","14.393"],["24659.10","1.920"],["24660.70","0.423"],["24660.80","0.001"],["24664.90","3.277"],["24666.40","0.100"],["24667.30","0.002"],["24668.50","0.224"],["24669.50","0.002"],["24669.60","4.452"],["24670.90","6.259"],["24688.30","0.000"]],"a":[["24653.60","0.000"],["24670.60","0.000"],["24670.70","0.000"],["24670.90","0.000"],["24671.00","19.747"],["24673.20","0.000"],["24673.40","0.000"],["24674.10","0.224"],["24675.70","0.071"],["24675.80","3.743"],["24675.90","0.009"],["24682.20","0.400"],["24682.30","3.040"],["24684.20","3.745"],["24684.30","2.202"],["24684.40","0.774"],["24685.50","0.300"],["24737.00","0.444"],["24741.70","0.382"],["24742.90","0.045"]]}}
1660228023037049 {"stream":"btcusdt@depth@0ms","data":{"e":"depthUpdate","E":1660228023641,"T":1660228023633,"s":"BTCUSDT","U":1801732820809,"u":1801732822123,"pu":1801732820786,"b":[["2467.10","0.000"],["23842.90","0.000"],["24615.70","0.181"],["24657.40","0.300"],["24657.70","11.951"],["24665.30","0.031"],["24667.10","0.000"],["24667.30","0.004"],["24669.70","0.000"],["24670.70","0.494"],["24670.90","6.019"],["24671.00","0.000"],["24688.30","0.000"]],"a":[["24653.60","0.000"],["24670.60","0.000"],["24670.90","0.000"],["24671.00","19.310"],["24673.30","0.000"],["24675.80","3.751"],["24676.10","0.050"],["24677.90","7.000"],["24684.10","0.800"],["24685.40","0.617"],["24695.30","8.582"],["24713.30","2.219"],["24723.10","0.083"],["24838.70","0.010"]]}}
1660228023037049 {"stream":"btcusdt@depth@0ms","data":{"e":"depthUpdate","E":1660228023675,"T":1660228023668,"s":"BTCUSDT","U":1801732822134,"u":1801732823666,"pu":1801732822123,"b":[["2467.10","0.000"],["12006.00","0.000"],["24562.60","1.461"],["24614.60","0.156"],["24615.70","0.016"],["24616.40","0.214"],["24617.60","3.088"],["24661.00","0.020"],["24665.20","0.497"],["24666.70","2.301"],["24667.30","0.002"],["24667.60","0.005"],["24668.20","0.001"],["24670.00","2.945"],["24670.90","6.101"],["24671.00","0.000"],["24671.40","0.000"],["24671.60","0.000"],["24671.70","0.000"],["24671.90","0.000"],["24672.00","0.000"],["24688.30","0.000"]],"a":[["24653.60","0.000"],["24670.90","0.000"],["24671.00","19.309"],["24672.60","0.000"],["24673.00","0.007"],["24673.40","0.163"],["24673.60","1.567"],["24673.90","0.429"],["24674.20","0.344"],["24675.90","0.009"],["24676.10","0.050"],["24678.40","0.071"],["24679.70","1.245"],["24681.00","3.680"],["24683.10","1.251"],["24683.30","13.448"],["24684.20","5.745"],["24684.30","0.202"],["24695.30","8.582"],["24792.40","0.000"],["24835.80","0.163"],["25029.50","7.183"]]}}
1660228023037049 {"stream":"btcusdt@depth@0ms","data":{"e":"depthUpdate","E":1660228023707,"T":1660228023702,"s":"BTCUSDT","U":1801732823771,"u":1801732824858,"pu":1801732823666,"b":[["2467.10","0.000"],["24529.90","0.035"],["24530.00","6.259"],["24562.50","0.072"],["24595.00","1.946"],["24595.10","0.286"],["24599.00","0.891"],["24601.60","0.000"],["24613.10","2.745"],["24667.60","0.327"],["24667.70","0.003"],["24670.10","0.266"],["24670.60","1.564"],["24671.60","0.000"],["24671.70","0.000"],["24688.30","0.000"]],"a":[["24653.60","0.000"],["24670.90","0.000"],["24673.40","0.000"],["24673.60","1.569"],["24676.10","0.050"],["24676.40","0.170"],["24678.40","0.001"],["24679.70","1.082"],["24700.30","3.887"],["24702.80","0.001"],["24727.00","0.357"],["24727.10","0.000"],["24734.30","0.751"],["24739.10","0.504"],["24741.70","0.202"],["24759.60","0.348"],["24759.70","0.000"],["24792.20","0.035"],["25100.00","323.185"],["27018.60","1.026"]]}}
1660228023037049 {"stream":"btcusdt@depth@0ms","data":{"e":"depthUpdate","E":1660228023739,"T":1660228023732,"s":"BTCUSDT","U":1801732824868,"u":1801732825841,"pu":1801732824858,"b":[["2467.10","0.000"],["24337.20","2.472"],["24615.70","0.181"],["24651.50","0.451"],["24665.30","0.033"],["24671.20","0.000"],["24671.30","0.000"],["24671.40","0.000"],["24688.30","0.000"]],"a":[["24653.60","0.000"],["24670.90","0.000"],["24671.00","19.309"],["24674.20","0.020"],["24676.10","0.050"],["24676.40","0.179"],["24678.30","0.404"],["24678.70","0.201"]]}}
1660228023037049 {"stream":"btcusdt@depth@0ms","data":{"e":"depthUpdate","E":1660228023772,"T":1660228023765,"s":"BTCUSDT","U":1801732825878,"u":1801732826859,"pu":1801732825841,"b":[["2467.10","0.008"],["12006.00","0.001"],["24400.00","99.976"],["24615.70","0.016"],["24617.60","2.923"],["24649.40","0.102"],["24650.40","0.112"],["24671.40","0.000"],["24688.30","0.000"]],"a":[["24653.60","0.000"],["24670.90","0.000"],["24676.10","0.050"],["24728.40","0.148"]]}}
1660228023037049 {"stream":"btcusdt@depth@0ms","data":{"e":"depthUpdate","E":1660228023806,"T":1660228023799,"s":"BTCUSDT","U":1801732826927,"u":1801732828103,"pu":1801732826859,"b":[["2467.10","0.000"],["24049.60","0.015"],["24051.10","1.168"],["24272.20","0.048"],["24376.90","3.076"],["24599.00","0.711"],["24600.30","0.195"],["24617.60","3.088"],["24666.40","0.000"],["24667.70","0.001"],["24671.40","0.000"],["24688.30","0.000"]],"a":[["24653.60","0.000"],["24670.90","0.000"],["24672.80","0.000"],["24673.10","0.000"],["24673.40","0.000"],["24673.60","1.567"],["24674.10","0.223"],["24676.10","0.050"],["24678.50","0.950"],["24679.10","0.232"],["24679.30","0.193"],["24679.90","0.001"],["24684.20","3.745"],["24684.30","2.202"],["24728.30","0.193"],["24739.10","0.324"],["24740.30","0.280"]]}}
1660228023037049 {"stream":"btcusdt@depth@0ms","data":{"e":"depthUpdate","E":1660228023840,"T":1660228023833,"s":"BTCUSDT","U":1801732828131,"u":1801732829171,"pu":1801732828103,"b":[["2467.10","0.000"],["12006.00","0.000"],["24361.80","2.517"],["24610.50","0.030"],["24617.60","2.923"],["24640.70","0.283"],["24648.40","21.363"],["24650.40","0.029"],["24657.10","13.239"],["24657.70","0.015"],["24662.20","7.539"],["24665.00","0.660"],["24665.30","0.031"],["24667.40","1.509"],["24667.60","0.003"],["24668.90","0.000"],["24669.60","2.610"],["24669.80","0.001"],["24670.70","0.184"],["24670.90","2.136"],["24671.40","0.000"],["24688.30","0.000"]],"a":[["24653.60","0.000"],["24668.70","0.000"],["24668.90","0.000"],["24669.10","0.000"],["24669.20","0.000"],["24669.30","0.000"],["24669.40","0.000"],["24669.70","0.000"],["24670.60","0.000"],["24670.90","0.000"],["24671.00","20.381"],["24672.90","0.003"],["24673.40","0.000"],["24673.60","1.891"],["24673.90","0.429"],["24674.10","0.153"],["24674.70","2.139"],["24675.30","1.340"],["24675.90","0.009"],["24678.50","0.850"],["24682.10","0.400"],["24682.20","0.000"],["24684.30","0.202"],["24915.20","4.215"]]}}
1660228023037049 {"stream":"btcusdt@depth@0ms","data":{"e":"depthUpdate","E":1660228023874,"T":1660228023868,"s":"BTCUSDT","U":1801732829174,"u":1801732830343,"pu":1801732829171,"b":[["2467.10","0.000"],["22800.00","44.473"],["23600.00","45.435"],["24640.30","2.889"],["24648.40","21.280"],["24649.40","0.185"],["24658.90","2.500"],["24659.00","13.393"],["24659.70","1.806"],["24659.80","3.811"],["24659.90","1.305"],["24660.30","0.004"],["24660.70","0.010"],["24661.00","0.000"],["24664.20","0.211"],["24664.40","0.273"],["24665.00","0.658"],["24665.30","0.007"],["24665.70","0.271"],["24665.90","0.006"],["24666.10","0.631"],["24666.20","0.002"],["24666.80","6.776"],["24667.80","0.002"],["24668.60","10.269"],["24669.20","0.000"],["24670.90","1.986"],["24688.30","0.000"]],"a":[["24653.60","0.000"],["24668.40","0.000"],["24668.70","0.000"],["24669.60","0.000"],["24669.70","0.000"],["24670.20","0.000"],["24670.60","0.000"],["24670.80","0.000"],["24670.90","0.000"],["24671.00","20.753"],["24672.70","0.000"],["24672.80","0.324"],["24673.50","0.064"],["24673.90","0.000"],["24674.10","0.074"],["24675.20","3.431"],["24675.30","1.340"],["24675.40","1.510"],["24675.80","0.070"],["24676.50","0.125"],["24676.60","0.001"],["24677.10","0.326"],["24677.20","2.007"],["24677.70","0.000"],["24677.80","0.024"],["24678.30","0.504"],["24678.50","0.050"],["24678.90","0.402"],["24681.90","0.477"],["24682.10","3.000"],["24682.20","0.000"],["24682.30","0.040"],["24682.50","0.236"],["24683.70","0.963"],["24683.80","4.162"],["24684.10","0.000"],["24684.20","3.745"],["24684.30","0.976"],["24684.40","0.000"],["24685.40","0.017"],["24685.90","0.526"],["24694.50","1.554"],["24702.90","0.079"],["24728.30","0.028"],["24752.90","0.000"],["25149.00","3.943"]]}}
1660228023037049 {"stream":"btcusdt@depth@0ms","data":{"e":"depthUpdate","E":1660228023908,"T":1660228023902,"s":"BTCUSDT","U":1801732830369,"u":1801732831561,"pu":1801732830343,"b":[["2467.10","0.000"],["24600.30","0.015"],["24603.20","0.284"],["24610.10","0.165"],["24643.60","0.965"],["24646.10","0.050"],["24658.80","1.000"],["24658.90","1.500"],["24660.60","0.787"],["24660.70","0.010"],["24664.40","0.271"],["24665.30","0.020"],["24665.80","0.008"],["24666.00","2.190"],["24666.40","0.324"],["24666.50","0.556"],["24667.10","0.004"],["24667.40","1.505"],["24668.90","0.000"],["24688.30","0.000"],["25781.20","0.000"]],"a":[["24653.60","0.000"],["24669.70","0.000"],["24670.60","0.000"],["24670.70","0.000"],["24670.90","0.000"],["24672.30","0.001"],["24672.60","0.000"],["24673.50","0.040"],["24674.50","3.746"],["24675.10","0.010"],["24675.20","3.554"],["24675.30","0.421"],["24676.20","0.001"],["24676.40","0.170"],["24676.50","0.000"],["24677.60","0.497"],["24677.70","0.003"],["24678.30","1.304"],["24678.40","0.001"],["24678.50","0.070"],["24679.10","0.244"],["24679.70","1.070"],["24681.70","0.613"],["24681.90","0.077"],["24682.00","0.045"],["24682.10","3.000"],["24682.20","0.000"],["24682.40","0.119"],["24683.10","14.257"],["24683.30","0.442"],["24683.70","0.963"],["24683.80","4.162"],["24684.00","1.227"],["24685.00","1.537"],["24685.10","0.118"],["24685.70","0.556"],["24685.80","0.325"],["24693.20","0.803"],["24699.00","0.167"],["24740.30","0.100"],["24743.20","0.415"],["24752.50","2.777"],["24800.00","19.623"]]}}
1660228023037049 {"stream":"btcusdt@depth@0ms","data":{"e":"depthUpdate","E":1660228023941,"T":1660228023931,"s":"BTCUSDT","U":1801732831593,"u":1801732832589,"pu":1801732831561,"b":[["2467.10","0.000"],["12006.00","0.001"],["24427.70","4.350"],["24620.30","0.172"],["24644.00","44.832"],["24645.40","0.203"],["24652.80","4.900"],["24664.10","4.279"],["24666.50","0.554"],["24666.80","6.764"],["24668.70","7.428"],["24670.90","2.000"],["24671.00","0.000"],["24672.70","0.000"],["24688.30","0.000"]],"a":[["24653.60","0.000"],["24669.80","0.000"],["24670.20","0.000"],["24670.70","0.000"],["24670.90","0.000"],["24671.00","20.812"],["24672.10","0.000"],["24672.30","0.001"],["24674.60","1.520"],["24674.80","0.000"],["24684.20","4.519"],["24684.30","0.202"],["24685.00","0.937"],["24690.90","4.827"],["24693.60","1.500"],["24729.10","0.171"]]}}
1660228023038319 {"stream":"btcusdt@depth@0ms","data":{"e":"depthUpdate","E":1660228023977,"T":1660228023966,"s":"BTCUSDT","U":1801732832805,"u":1801732834115,"pu":1801732832589,"b":[["2467.10","0.008"],["24643.00","4.457"],["24656.30","0.010"],["24657.70","0.005"],["24658.80","1.000"],["24658.90","1.500"],["24659.50","3.781"],["24659.70","1.806"],["24659.90","0.105"],["24660.60","0.787"],["24666.30","5.033"],["24666.40","0.012"],["24666.50","0.556"],["24668.70","7.426"],["24668.90","0.000"],["24670.90","2.535"],["24680.00","0.000"],["24688.30","0.000"]],"a":[["24653.60","0.000"],["24670.10","0.000"],["24670.60","0.000"],["24670.70","0.000"],["24670.90","0.000"],["24671.00","20.642"],["24672.00","0.000"],["24672.10","0.000"],["24673.50","0.145"],["24673.60","1.567"],["24674.50","3.746"],["24674.60","1.520"],["24678.30","1.304"],["24678.40","0.001"],["24678.80","0.546"],["24678.90","0.002"],["24681.60","0.020"],["24681.70","0.613"],["24681.90","0.077"],["24682.10","3.000"],["24682.20","0.000"],["24683.70","0.163"],["24683.80","4.162"],["24684.00","1.227"],["24684.20","4.519"],["24684.30","0.202"],["24684.90","1.331"],["24685.70","0.156"],["24685.80","0.325"],["24686.70","0.648"],["24692.60","0.040"],["24700.00","47.420"],["24729.10","0.006"]]}}
1660228023043260 {"stream":"btcusdt@trade","data":{"e":"trade","E":1660228023980,"T":1660228023973,"s":"BTCUSDT","t":2691833663,"p":"24670.90","q":"0.022","X":"MARKET","m":true}}
1660228023052991 {"stream":"btcusdt@trade","data":{"e":"trade","E":1660228023991,"T":1660228023983,"s":"BTCUSDT","t":2691833664,"p":"24671.00","q":"0.001","X":"MARKET","m":false}}
1660228023071108 {"stream":"btcusdt@depth@0ms","data":{"e":"depthUpdate","E":1660228024010,"T":1660228024002,"s":"BTCUSDT","U":1801732834136,"u":1801732835323,"pu":1801732834115,"b":[["2467.10","0.000"],["12006.00","0.000"],["24599.40","0.641"],["24603.20","0.104"],["24625.50","0.152"],["24645.20","0.476"],["24646.80","0.081"],["24652.60","0.254"],["24664.10","4.279"],["24666.50","0.878"],["24668.80","0.004"],["24670.90","2.513"],["24688.30","0.000"],["24787.00","0.000"]],"a":[["24653.60","0.000"],["24668.10","0.000"],["24668.70","0.000"],["24669.50","0.000"],["24669.80","0.000"],["24670.00","0.000"],["24670.60","0.000"],["24670.70","0.000"],["24670.90","0.000"],["24671.00","20.641"],["24672.20","0.000"],["24672.30","0.001"],["24673.50","0.040"],["24673.90","0.105"],["24674.70","2.139"],["24674.80","0.000"],["24683.70","0.963"],["24683.90","0.009"],["24685.70","0.556"],["24709.30","0.254"],["24723.80","0.000"],["24728.30","0.193"],["24729.50","4.477"],["24739.40","0.807"],["24743.20","0.235"],["24795.00","0.130"]]}}
1660228023117894 {"stream":"btcusdt@depth@0ms","data":{"e":"depthUpdate","E":1660228024044,"T":1660228024034,"s":"BTCUSDT","U":1801732835406,"u":1801732836571,"pu":1801732835323,"b":[["2467.10","0.000"],["24337.10","2.462"],["24616.50","1.050"],["24619.00","0.235"],["24640.00","5.148"],["24649.80","2.805"],["24650.00","14.374"],["24651.90","3.000"],["24653.30","1.400"],["24658.70","1.142"],["24658.80","0.000"],["24659.60","3.263"],["24659.70","0.006"],["24660.50","0.840"],["24660.60","0.387"],["24662.20","0.202"],["24663.10","7.147"],["24664.00","0.922"],["24664.20","0.131"],["24664.50","0.027"],["24666.20","7.066"],["24666.40","0.012"],["24668.80","0.002"],["24669.30","0.002"],["24670.20","0.811"],["24670.90","5.817"],["24688.30","0.000"]],"a":[["24653.60","0.000"],["24669.80","0.000"],["24669.90","0.000"],["24670.90","0.000"],["24671.00","20.121"],["24672.10","0.000"],["24672.80","0.000"],["24674.60","1.520"],["24675.30","0.421"],["24681.20","0.239"],["24681.50","1.343"],["24681.60","0.020"],["24681.70","0.213"],["24683.60","2.929"],["24683.70","0.163"],["24683.80","2.162"],["24684.70","0.646"],["24684.90","0.731"],["24692.90","0.321"],["24693.10","0.040"],["24700.70","0.537"],["24703.60","0.210"],["24721.50","7.245"]]}}
1660228023125009 {"stream":"btcusdt@trade","data":{"e":"trade","E":1660228024062,"T":1660228024055,"s":"BTCUSDT","t":2691833665,"p":"24670.90","q":"0.002","X":"MARKET","m":true}}
1660228023128966 {"stream":"btcusdt@trade","data":{"e":"trade","E":1660228024067,"T":1660228024061,"s":"BTCUSDT","t":2691833666,"p":"24670.90","q":"0.020","X":"MARKET","m":true}}
1660228023138740 {"stream":"btcusdt@depth@0ms","data":{"e":"depthUpdate","E":1660228024077,"T":1660228024066,"s":"BTCUSDT","U":1801732836639,"u":1801732837803,"pu":1801732836571,"b":[["2467.10","0.000"],["24659.00","0.000"],["24659.30","2.500"],["24663.00","1.038"],["24664.20","0.118"],["24666.20","7.065"],["24666.50","0.554"],["24666.70","3.987"],["24666.80","7.088"],["24666.90","0.014"],["24667.40","1.506"],["24668.90","0.006"],["24670.10","0.272"],["24670.90","6.726"],["24688.30","0.000"]],"a":[["24653.60","0.000"],["24668.70","0.000"],["24670.30","0.000"],["24670.50","0.000"],["24670.90","0.000"],["24679.00","0.001"],["24703.10","1.500"],["24710.50","0.057"],["24728.30","0.028"],["24768.50","0.318"],["24980.10","5.446"],["25050.00","119.300"]]}}
1660228023149748 {"stream":"btcusdt@trade","data":{"e":"trade","E":1660228024088,"T":1660228024081,"s":"BTCUSDT","t":2691833667,"p":"24671.00","q":"0.063","X":"MARKET","m":false}}
1660228023149930 {"stream":"btcusdt@trade","data":{"e":"trade","E":1660228024088,"T":1660228024081,"s":"BTCUSDT","t":2691833668,"p":"24671.00","q":"0.350","X":"MARKET","m":false}}
1660228023149979 {"stream":"btcusdt@trade","data":{"e":"trade","E":1660228024088,"T":1660228024081,"s":"BTCUSDT","t":2691833669,"p":"24671.00","q":"0.093","X":"MARKET","m":false}}
1660228023150020 {"stream":"btcusdt@trade","data":{"e":"trade","E":1660228024088,"T":1660228024081,"s":"BTCUSDT","t":2691833670,"p":"24671.00","q":"0.350","X":"MARKET","m":false}}
1660228023150057 {"stream":"btcusdt@trade","data":{"e":"trade","E":1660228024088,"T":1660228024081,"s":"BTCUSDT","t":2691833671,"p":"24671.00","q":"0.099","X":"MARKET","m":false}}
1660228023150093 {"stream":"btcusdt@trade","data":{"e":"trade","E":1660228024088,"T":1660228024081,"s":"BTCUSDT","t":2691833672,"p":"24671.00","q":"0.115","X":"MARKET","m":false}}
1660228023150128 {"stream":"btcusdt@trade","data":{"e":"trade","E":1660228024088,"T":1660228024081,"s":"BTCUSDT","t":2691833673,"p":"24671.00","q":"0.129","X":"MARKET","m":false}}
1660228023150163 {"stream":"btcusdt@trade","data":{"e":"trade","E":1660228024088,"T":1660228024081,"s":"BTCUSDT","t":2691833674,"p":"24671.00","q":"0.125","X":"MARKET","m":false}}
1660228023150198 {"stream":"btcusdt@trade","data":{"e":"trade","E":1660228024088,"T":1660228024081,"s":"BTCUSDT","t":2691833675,"p":"24671.00","q":"0.074","X":"MARKET","m":false}}
1660228023159049 {"stream":"btcusdt@trade","data":{"e":"trade","E":1660228024098,"T":1660228024091,"s":"BTCUSDT","t":2691833676,"p":"24671.00","q":"0.001","X":"MARKET","m":false}}
1660228023170111 {"stream":"btcusdt@depth@0ms","data":{"e":"depthUpdate","E":1660228024109,"T":1660228024102,"s":"BTCUSDT","U":1801732837855,"u":1801732839451,"pu":1801732837803,"b":[["2467.10","0.000"],["12006.00","0.001"],["23915.40","0.008"],["24361.80","4.976"],["24646.40","0.908"],["24652.70","1.001"],["24653.50","0.164"],["24659.30","3.900"],["24660.00","21.049"],["24665.00","0.645"],["24665.80","0.108"],["24667.50","4.113"],["24669.30","0.000"],["24669.60","2.612"],["24670.90","7.554"],["24671.00","0.000"],["24671.60","0.000"],["24671.70","0.000"],["24671.80","0.000"],["24672.00","0.000"],["24672.20","0.000"],["24688.30","0.000"]],"a":[["24653.60","0.000"],["24669.50","0.000"],["24669.70","0.000"],["24670.80","0.000"],["24670.90","0.000"],["24671.00","18.322"],["24674.00","3.248"],["24674.70","2.341"],["24675.20","3.429"],["24675.70","0.073"],["24676.90","0.125"],["24678.30","1.204"],["24681.40","0.500"],["24681.50","1.343"],["24682.00","0.045"],["24682.10","3.000"],["24683.10","14.257"],["24683.50","3.527"],["24683.60","0.929"],["24684.10","0.000"],["24684.20","4.519"],["24684.70","0.046"],["24685.70","0.556"],["24695.30","8.582"],["24699.10","3.065"],["24728.30","0.028"]]}}
1660228023196543 {"stream":"btcusdt@trade","data":{"e":"trade","E":1660228024134,"T":1660228024127,"s":"BTCUSDT","t":2691833677,"p":"24670.90","q":"0.005","X":"MARKET","m":true}}
1660228023196726 {"stream":"btcusdt@trade","data":{"e":"trade","E":1660228024134,"T":1660228024127,"s":"BTCUSDT","t":2691833678,"p":"24670.90","q":"0.200","X":"MARKET","m":true}}
1660228023196792 {"stream":"btcusdt@trade","data":{"e":"trade","E":1660228024134,"T":1660228024127,"s":"BTCUSDT","t":2691833679,"p":"24670.90","q":"0.001","X":"MARKET","m":true}}
1660228023196832 {"stream":"btcusdt@trade","data":{"e":"trade","E":1660228024134,"T":1660228024127,"s":"BTCUSDT","t":2691833680,"p":"24670.90","q":"0.120","X":"MARKET","m":true}}
1660228023196890 {"stream":"btcusdt@trade","data":{"e":"trade","E":1660228024134,"T":1660228024127,"s":"BTCUSDT","t":2691833681,"p":"24670.90","q":"0.240","X":"MARKET","m":true}}
1660228023196942 {"stream":"btcusdt@trade","data":{"e":"trade","E":1660228024134,"T":1660228024127,"s":"BTCUSDT","t":2691833682,"p":"24670.90","q":"0.061","X":"MARKET","m":true}}
1660228023196979 {"stream":"btcusdt@trade","data":{"e":"trade","E":1660228024134,"T":1660228024127,"s":"BTCUSDT","t":2691833683,"p":"24670.90","q":"0.125","X":"MARKET","m":true}}
1660228023197015 {"stream":"btcusdt@trade","data":{"e":"trade","E":1660228024134,"T":1660228024127,"s":"BTCUSDT","t":2691833684,"p":"24670.90","q":"0.080","X":"MARKET","m":true}}
1660228023197050 {"stream":"btcusdt@trade","data":{"e":"trade","E":1660228024134,"T":1660228024127,"s":"BTCUSDT","t":2691833685,"p":"24670.90","q":"0.383","X":"MARKET","m":true}}
1660228023197097 {"stream":"btcusdt@trade","data":{"e":"trade","E":1660228024134,"T":1660228024127,"s":"BTCUSDT","t":2691833686,"p":"24671.00","q":"0.010","X":"MARKET","m":false}}
1660228023203090 {"stream":"btcusdt@trade","data":{"e":"trade","E":1660228024141,"T":1660228024136,"s":"BTCUSDT","t":2691833687,"p":"24670.90","q":"0.001","X":"MARKET","m":true}}
1660228023203194 {"stream":"btcusdt@depth@0ms","data":{"e":"depthUpdate","E":1660228024142,"T":1660228024136,"s":"BTCUSDT","U":1801732839463,"u":1801732840581,"pu":1801732839451,"b":[["2467.10","0.000"],["24301.50","0.020"],["24312.50","2.477"],["24627.30","0.013"],["24658.70","0.142"],["24659.60","2.463"],["24659.70","0.806"],["24660.50","0.440"],["24660.60","0.787"],["24661.40","3.756"],["24665.90","0.000"],["24666.90","0.001"],["24670.90","7.184"],["24671.00","0.000"],["24671.30","0.000"],["24671.50","0.000"],["24671.60","0.000"],["24671.70","0.000"],["24672.10","0.000"],["24673.70","0.000"],["24688.30","0.000"]],"a":[["24653.60","0.000"],["24670.80","0.000"],["24670.90","0.000"],["24671.00","16.829"],["24673.50","0.000"],["24675.80","0.062"],["24675.90","0.003"],["24677.20","2.006"],["24677.90","7.100"],["24678.30","0.404"],["24678.40","0.801"],["24678.80","0.547"],["24681.50","0.943"],["24681.80","0.982"],["24682.10","0.000"],["24682.20","3.000"],["24683.10","1.251"],["24683.50","1.527"],["24683.60","0.129"],["24683.90","16.027"],["24684.20","3.745"],["24684.30","0.976"],["24684.70","0.046"],["24685.70","0.156"],["24685.80","0.725"],["24699.90","0.453"],["24728.30","0.028"]]}}
1660228023236137 {"stream":"btcusdt@depth@0ms","data":{"e":"depthUpdate","E":1660228024175,"T":1660228024166,"s":"BTCUSDT","U":1801732840589,"u":1801732841749,"pu":1801732840581,"b":[["2467.10","0.008"],["12006.00","0.000"],["24159.50","2.800"],["24599.40","0.461"],["24617.50","0.578"],["24627.50","0.015"],["24644.50","6.362"],["24648.40","21.280"],["24649.00","0.555"],["24649.40","0.102"],["24650.40","0.112"],["24651.90","6.050"],["24653.50","0.151"],["24658.80","1.000"],["24660.50","0.340"],["24666.80","6.770"],["24670.90","9.509"],["24671.00","0.000"],["24671.10","0.000"],["24671.70","0.000"],["24672.00","0.000"],["24688.30","0.000"]],"a":[["24653.60","0.000"],["24669.80","0.000"],["24670.20","0.000"],["24670.30","0.000"],["24670.40","0.000"],["24670.60","0.000"],["24670.70","0.000"],["24670.90","0.000"],["24671.00","16.710"],["24673.00","0.006"],["24673.20","0.001"],["24674.30","0.324"],["24674.50","3.737"],["24674.70","2.139"],["24675.70","0.071"],["24675.80","0.000"],["24676.10","0.090"],["24676.40","0.176"],["24679.90","0.010"],["24691.80","3.129"],["24693.90","1.120"],["24699.00","0.127"],["24699.20","3.227"],["24728.30","0.193"],["24731.30","0.003"],["24739.40","0.627"]]}}
1660228023269039 {"stream":"btcusdt@depth@0ms","data":{"e":"depthUpdate","E":1660228024208,"T":1660228024201,"s":"BTCUSDT","U":1801732841832,"u":1801732843211,"pu":1801732841749,"b":[["2467.10","0.000"],["24312.60","5.593"],["24601.60","0.180"],["24627.30","0.000"],["24627.50","0.002"],["24653.50","0.164"],["24654.00","0.031"],["24666.00","2.209"],["24666.90","0.014"],["24668.30","0.327"],["24670.90","9.363"],["24671.70","0.000"],["24688.30","0.000"]],"a":[["24653.60","0.000"],["24670.20","0.000"],["24670.30","0.000"],["24670.90","0.000"],["24673.20","0.001"],["24673.60","1.567"],["24675.70","0.071"],["24676.10","0.090"],["24676.40","0.076"],["24677.20","1.506"],["24681.00","3.580"],["24683.30","13.652"],["24683.90","2.809"],["24741.60","0.810"]]}}
1660228023302001 {"stream":"btcusdt@depth@0ms","data":{"e":"depthUpdate","E":1660228024241,"T":1660228024232,"s":"BTCUSDT","U":1801732843219,"u":1801732844412,"pu":1801732843211,"b":[["2467.10","0.000"],["24343.80","0.000"],["24627.30","0.013"],["24643.30","0.254"],["24651.00","4.039"],["24665.00","0.021"],["24666.90","0.001"],["24667.20","0.001"],["24669.60","2.610"],["24670.10","0.274"],["24670.90","9.007"],["24671.30","0.000"],["24671.70","0.000"],["24688.30","0.000"],["25781.20","0.000"]],"a":[["24653.60","0.000"],["24670.90","0.000"],["24673.60","1.567"],["24676.10","0.090"],["24677.90","7.000"],["24678.40","0.001"],["24685.00","1.537"],["24685.80","0.325"],["24709.80","0.000"],["24729.50","0.000"]]}}
1660228023335986 {"stream":"btcusdt@depth@0ms","data":{"e":"depthUpdate","E":1660228024275,"T":1660228024268,"s":"BTCUSDT","U":1801732844425,"u":1801732845664,"pu":1801732844412,"b":[["2467.10","0.000"],["12006.00","0.001"],["24319.10","2.590"],["24323.90","8.064"],["24627.30","0.000"],["24636.70","3.011"],["24646.00","0.551"],["24647.70","0.231"],["24657.50","0.661"],["24658.90","1.600"],["24663.30","0.166"],["24664.00","0.762"],["24664.70","0.325"],["24665.30","0.020"],["24665.60","0.015"],["24666.40","0.029"],["24666.90","0.014"],["24667.70","0.001"],["24669.80","0.003"],["24670.10","0.272"],["24670.90","8.414"],["24671.30","0.000"],["24688.30","0.000"]],"a":[["24653.60","0.000"],["24670.90","0.000"],["24671.00","16.330"],["24673.40","0.000"],["24675.90","0.003"],["24678.10","0.009"],["24678.20","0.108"],["24678.30","1.204"],["24679.90","0.001"],["24681.70","0.253"],["24682.00","0.085"],["24683.20","14.292"],["24683.30","0.442"],["24684.00","1.327"],["24685.70","0.556"],["24688.10","0.163"],["24694.40","0.162"],["24696.00","1.933"],["24700.00","47.276"],["24728.30","0.028"],["24728.90","5.100"],["24800.00","19.644"],["25232.00","0.494"]]}}
1660228023337075 {"stream":"btcusdt@trade","data":{"e":"trade","E":1660228024276,"T":1660228024269,"s":"BTCUSDT","t":2691833688,"p":"24670.90","q":"0.004","X":"MARKET","m":true}}
1660228023369639 {"stream":"btcusdt@depth@0ms","data":{"e":"depthUpdate","E":1660228024308,"T":1660228024301,"s":"BTCUSDT","U":1801732845700,"u":1801732846842,"pu":1801732845664,"b":[["2467.10","0.000"],["24496.00","4.960"],["24601.60","0.000"],["24602.90","0.240"],["24665.00","0.023"],["24667.40","1.506"],["24669.80","0.001"],["24670.90","8.410"],["24671.20","0.000"],["24671.30","0.000"],["24688.30","0.000"]],"a":[["24653.60","0.000"],["24668.70","0.000"],["24670.90","0.000"],["24671.00","17.440"],["24673.40","0.000"],["24675.90","0.003"],["24683.90","2.009"],["24684.00","1.227"],["24688.10","0.000"],["24694.40","0.000"],["24728.30","0.193"],["24741.60","0.630"],["24742.90","0.225"],["24750.00","6.008"]]}}
1660228023401028 {"stream":"btcusdt@depth@0ms","data":{"e":"depthUpdate","E":1660228024340,"T":1660228024331,"s":"BTCUSDT","U":1801732846923,"u":1801732848182,"pu":1801732846842,"b":[["2467.10","0.008"],["12006.00","0.000"],["24045.30","0.100"],["24493.70","0.002"],["24611.40","1.070"],["24642.50","1.925"],["24648.10","0.091"],["24664.30","0.249"],["24664.50","0.007"],["24665.00","0.021"],["24667.20","0.003"],["24669.60","2.610"],["24670.90","4.699"],["24671.10","0.000"],["24671.20","0.000"],["24671.30","0.000"],["24688.30","0.000"]],"a":[["24653.60","0.000"],["24670.90","0.000"],["24671.00","17.286"],["24673.10","0.000"],["24673.40","0.000"],["24674.80","0.009"],["24675.60","0.000"],["24675.90","0.003"],["24678.10","0.000"],["24707.90","0.194"],["24710.00","3.302"],["24710.70","3.487"],["24718.00","3.532"],["24727.90","0.014"]]}}
1660228023409811 {"stream":"btcusdt@trade","data":{"e":"trade","E":1660228024348,"T":1660228024338,"s":"BTCUSDT","t":2691833689,"p":"24670.90","q":"0.014","X":"MARKET","m":true}}
1660228023409915 {"stream":"btcusdt@trade","data":{"e":"trade","E":1660228024348,"T":1660228024338,"s":"BTCUSDT","t":2691833690,"p":"24670.90","q":"0.160","X":"MARKET","m":true}}
1660228023410239 {"stream":"btcusdt@trade","data":{"e":"trade","E":1660228024348,"T":1660228024338,"s":"BTCUSDT","t":2691833691,"p":"24670.90","q":"0.151","X":"MARKET","m":true}}
1660228023410288 {"stream":"btcusdt@trade","data":{"e":"trade","E":1660228024348,"T":1660228024338,"s":"BTCUSDT","t":2691833692,"p":"24670.90","q":"0.077","X":"MARKET","m":true}}
1660228023420928 {"stream":"btcusdt@trade","data":{"e":"trade","E":1660228024359,"T":1660228024351,"s":"BTCUSDT","t":2691833693,"p":"24670.90","q":"0.001","X":"MARKET","m":true}}
1660228023435664 {"stream":"btcusdt@depth@0ms","data":{"e":"depthUpdate","E":1660228024373,"T":1660228024365,"s":"BTCUSDT","U":1801732848228,"u":1801732849869,"pu":1801732848182,"b":[["2467.10","0.008"],["24270.00","1.369"],["24495.20","0.015"],["24656.90","15.008"],["24657.10","0.249"],["24664.80","3.648"],["24666.70","3.987"],["24667.20","0.001"],["24667.90","0.118"],["24669.10","0.010"],["24670.90","4.296"],["24671.00","0.000"],["24688.30","0.000"]],"a":[["24653.60","0.000"],["24668.70","0.000"],["24669.50","0.000"],["24669.60","0.000"],["24669.70","0.000"],["24670.30","0.000"],["24670.40","0.000"],["24670.50","0.000"],["24670.70","0.000"],["24670.90","0.000"],["24671.00","17.446"],["24672.90","0.003"],["24673.10","0.000"],["24673.90","0.110"],["24675.40","1.510"],["24676.20","0.071"],["24678.10","0.000"],["24678.20","0.008"],["24683.80","2.962"],["24704.90","1.459"],["24705.00","0.540"],["24707.20","0.000"],["24728.30","0.193"],["24800.00","19.764"]]}}
1660228023466703 {"stream":"btcusdt@depth@0ms","data":{"e":"depthUpdate","E":1660228024405,"T":1660228024397,"s":"BTCUSDT","U":1801732849889,"u":1801732851262,"pu":1801732849869,"b":[["2467.10","0.000"],["24545.40","0.812"],["24602.90","0.060"],["24604.30","0.310"],["24640.10","1.355"],["24647.70","0.002"],["24658.50","1.576"],["24658.70","1.342"],["24658.80","0.000"],["24659.40","0.365"],["24659.50","2.581"],["24659.70","0.006"],["24660.20","0.634"],["24660.60","0.387"],["24663.90","0.239"],["24664.60","3.081"],["24665.10","0.020"],["24665.80","0.008"],["24667.00","0.207"],["24668.30","0.003"],["24669.40","0.006"],["24670.90","4.296"],["24671.70","0.000"],["24688.30","0.000"]],"a":[["24653.60","0.000"],["24670.00","0.000"],["24670.10","0.000"],["24670.30","0.000"],["24670.40","0.000"],["24670.90","0.000"],["24671.00","18.377"],["24672.30","0.001"],["24672.80","0.000"],["24672.90","0.003"],["24673.00","0.006"],["24673.10","0.000"],["24673.60","1.567"],["24674.00","3.572"],["24674.30","0.000"],["24674.80","0.009"],["24675.30","0.421"],["24675.50","0.001"],["24678.00","9.358"],["24678.20","0.108"],["24678.30","0.404"],["24678.80","0.547"],["24679.10","0.244"],["24679.30","0.193"],["24679.90","0.001"],["24680.90","0.483"],["24681.80","0.582"],["24681.90","3.077"],["24682.20","0.000"],["24683.00","15.872"],["24683.20","1.082"],["24683.80","2.162"],["24683.90","0.009"],["24684.00","2.001"],["24684.10","0.600"],["24684.30","0.202"],["24685.00","0.937"],["24685.70","0.156"],["24718.00","3.664"],["24728.30","0.028"],["24742.90","0.045"],["24744.40","0.188"]]}}
1660228023479978 {"stream":"btcusdt@trade","data":{"e":"trade","E":1660228024417,"T":1660228024409,"s":"BTCUSDT","t":2691833694,"p":"24671.00","q":"0.013","X":"MARKET","m":false}}
1660228023480101 {"stream":"btcusdt@trade","data":{"e":"trade","E":1660228024417,"T":1660228024409,"s":"BTCUSDT","t":2691833695,"p":"24671.00","q":"0.007","X":"MARKET","m":false}}
1660228023500436 {"stream":"btcusdt@depth@0ms","data":{"e":"depthUpdate","E":1660228024439,"T":1660228024434,"s":"BTCUSDT","U":1801732851282,"u":1801732852543,"pu":1801732851262,"b":[["2467.10","0.000"],["12006.00","0.001"],["23437.40","0.002"],["24350.00","61.792"],["24496.30","1.639"],["24627.30","0.013"],["24653.30","1.399"],["24658.50","0.576"],["24658.70","1.142"],["24659.20","1.284"],["24659.40","1.165"],["24660.30","0.404"],["24662.80","2.768"],["24663.30","0.006"],["24664.30","0.251"],["24664.60","3.079"],["24664.70","0.300"],["24666.70","3.987"],["24666.90","0.001"],["24669.10","0.010"],["24670.90","4.574"],["24671.00","0.000"],["24671.10","0.000"],["24671.30","0.000"],["24671.40","0.000"],["24688.30","0.000"],["24700.00","0.000"]],"a":[["24653.60","0.000"],["24670.40","0.000"],["24670.80","0.000"],["24670.90","0.000"],["24671.00","18.485"],["24672.60","0.000"],["24673.60","1.891"],["24675.10","0.010"],["24675.30","0.421"],["24677.60","0.497"],["24678.00","8.558"],["24678.80","0.147"],["24680.90","0.083"],["24681.50","1.343"],["24681.90","0.077"],["24682.60","13.034"],["24683.00","2.039"],["24684.00","1.227"],["24684.10","0.000"],["24685.40","0.417"],["24728.30","0.028"],["24735.40","3.131"]]}}
1660228023533017 {"stream":"btcusdt@depth@0ms","data":{"e":"depthUpdate","E":1660228024472,"T":1660228024463,"s":"BTCUSDT","U":1801732852548,"u":1801732853465,"pu":1801732852543,"b":[["2467.10","0.000"],["24627.30","0.000"],["24659.40","0.365"],["24660.30","0.004"],["24664.30","0.249"],["24665.60","0.000"],["24665.80","0.108"],["24666.40","0.012"],["24666.50","0.556"],["24666.90","0.014"],["24667.80","0.326"],["24668.90","0.006"],["24671.10","0.000"],["24671.20","0.000"],["24671.30","0.000"],["24688.30","0.000"]],"a":[["24653.60","0.000"],["24670.90","0.000"],["24671.00","18.311"],["24672.60","0.000"],["24673.50","0.110"],["24673.90","0.000"],["24675.10","0.010"],["24675.60","0.006"],["24677.60","0.497"],["24678.20","0.008"],["24682.10","3.000"],["24683.00","0.039"],["24683.60","2.129"],["24684.20","4.519"],["24685.40","0.017"],["24728.30","0.028"]]}}
1660228023533643 {"stream":"btcusdt@trade","data":{"e":"trade","E":1660228024472,"T":1660228024466,"s":"BTCUSDT","t":2691833696,"p":"24670.90","q":"0.002","X":"MARKET","m":true}}
1660228023553746 {"stream":"btcusdt@trade","data":{"e":"trade","E":1660228024492,"T":1660228024484,"s":"BTCUSDT","t":2691833697,"p":"24671.00","q":"0.002","X":"MARKET","m":false}}
1660228023565143 {"stream":"btcusdt@depth@0ms","data":{"e":"depthUpdate","E":1660228024504,"T":1660228024496,"s":"BTCUSDT","U":1801732853509,"u":1801732854616,"pu":1801732853465,"b":[["2467.10","0.000"],["24604.30","0.130"],["24627.30","0.013"],["24658.60","1.180"],["24658.70","0.142"],["24659.60","3.263"],["24660.50","0.740"],["24664.30","0.251"],["24666.50","0.554"],["24666.70","3.987"],["24666.90","0.001"],["24669.10","0.010"],["24670.90","4.572"],["24671.00","0.000"],["24671.20","0.000"],["24671.30","0.000"],["24688.30","0.000"]],"a":[["24653.60","0.000"],["24668.70","0.000"],["24670.90","0.000"],["24671.00","17.919"],["24672.60","0.002"],["24673.00","0.006"],["24675.10","0.012"],["24675.50","0.001"],["24675.70","0.079"],["24677.90","7.100"],["24678.20","0.808"],["24683.60","2.929"],["24684.70","0.646"],["24685.60","0.837"],["24686.60","1.819"],["24728.30","0.193"],["24742.90","0.225"],["24744.40","0.008"],["24849.00","2.425"],["27036.70","1.846"]]}}
1660228023569080 {"stream":"btcusdt@trade","data":{"e":"trade","E":1660228024506,"T":1660228024498,"s":"BTCUSDT","t":2691833698,"p":"24670.90","q":"0.020","X":"MARKET","m":true}}
1660228023569166 {"stream":"btcusdt@trade","data":{"e":"trade","E":1660228024506,"T":1660228024498,"s":"BTCUSDT","t":2691833699,"p":"24670.90","q":"0.004","X":"MARKET","m":true}}
1660228023569212 {"stream":"btcusdt@trade","data":{"e":"trade","E":1660228024506,"T":1660228024498,"s":"BTCUSDT","t":2691833700,"p":"24670.90","q":"0.124","X":"MARKET","m":true}}
1660228023569373 {"stream":"btcusdt@trade","data":{"e":"trade","E":1660228024507,"T":1660228024498,"s":"BTCUSDT","t":2691833701,"p":"24670.90","q":"1.500","X":"MARKET","m":true}}
1660228023569480 {"stream":"btcusdt@trade","data":{"e":"trade","E":1660228024507,"T":1660228024498,"s":"BTCUSDT","t":2691833702,"p":"24670.90","q":"0.947","X":"MARKET","m":true}}
1660228023573882 {"stream":"btcusdt@trade","data":{"e":"trade","E":1660228024512,"T":1660228024506,"s":"BTCUSDT","t":2691833703,"p":"24670.90","q":"0.031","X":"MARKET","m":true}}
1660228023579971 {"stream":"btcusdt@trade","data":{"e":"trade","E":1660228024517,"T":1660228024510,"s":"BTCUSDT","t":2691833704,"p":"24670.90","q":"0.001","X":"MARKET","m":true}}
1660228023597102 {"stream":"btcusdt@depth@0ms","data":{"e":"depthUpdate","E":1660228024536,"T":1660228024528,"s":"BTCUSDT","U":1801732854671,"u":1801732855804,"pu":1801732854616,"b":[["2467.10","0.008"],["12006.00","0.000"],["24602.90","0.240"],["24634.00","1.003"],["24636.40","1.438"],["24640.30","2.086"],["24650.40","0.112"],["24656.80","12.852"],["24656.90","2.824"],["24664.30","0.249"],["24665.80","0.008"],["24666.60","0.035"],["24667.50","3.789"],["24667.80","0.002"],["24669.00","8.576"],["24670.90","2.007"],["24671.00","0.000"],["24688.30","0.000"]],"a":[["24653.60","0.000"],["24668.70","0.000"],["24668.80","0.000"],["24668.90","0.000"],["24669.00","0.000"],["24669.30","0.000"],["24669.40","0.000"],["24669.80","0.000"],["24670.20","0.000"],["24670.50","0.000"],["24670.60","0.000"],["24670.90","0.000"],["24671.00","18.331"],["24672.60","0.000"],["24672.70","0.000"],["24673.00","0.006"],["24673.50","0.000"],["24674.00","3.248"],["24675.10","0.010"],["24675.20","3.431"],["24675.50","0.001"],["24676.40","0.176"],["24676.70","7.164"],["24678.00","1.175"],["24897.00","1.626"],["25215.90","0.012"]]}}
1660228023630078 {"stream":"btcusdt@depth@0ms","data":{"e":"depthUpdate","E":1660228024569,"T":1660228024562,"s":"BTCUSDT","U":1801732855835,"u":1801732857130,"pu":1801732855804,"b":[["2467.10","0.000"],["24256.60","0.111"],["24424.50","3.166"],["24653.50","0.151"],["24664.20","0.118"],["24666.60","0.033"],["24666.90","0.014"],["24668.60","10.101"],["24668.80","0.004"],["24670.00","2.947"],["24688.30","0.000"],["25781.20","0.000"]],"a":[["24653.60","0.000"],["24669.50","0.000"],["24669.60","0.000"],["24669.90","0.000"],["24670.00","0.000"],["24670.90","0.000"],["24671.00","18.198"],["24672.70","0.000"],["24673.10","0.324"],["24673.50","0.110"],["24675.20","3.429"],["24676.10","2.018"],["24676.60","0.100"],["24676.90","0.145"],["24677.10","0.287"],["24677.70","0.000"],["24677.80","0.072"],["24681.60","0.000"],["24682.00","0.040"],["24728.30","0.028"],["24730.90","0.385"],["24915.20","4.165"],["25540.00","0.765"]]}}
1660228023662354 {"stream":"btcusdt@depth@0ms","data":{"e":"depthUpdate","E":1660228024601,"T":1660228024591,"s":"BTCUSDT","U":1801732857178,"u":1801732858362,"pu":1801732857130,"b":[["2467.10","0.000"],["12006.00","0.001"],["24603.60","0.485"],["24639.20","0.770"],["24649.40","0.284"],["24651.00","3.939"],["24656.80","0.668"],["24656.90","15.028"],["24658.60","1.180"],["24658.70","0.142"],["24659.60","3.263"],["24660.40","0.602"],["24660.50","0.340"],["24664.00","0.764"],["24666.40","0.012"],["24666.70","4.311"],["24667.00","0.531"],["24668.80","0.002"],["24670.90","2.516"],["24671.20","0.000"],["24688.30","0.000"]],"a":[["24653.60","0.000"],["24670.50","0.000"],["24670.60","0.000"],["24670.70","0.000"],["24670.90","0.000"],["24671.00","18.355"],["24672.30","0.003"],["24672.60","0.000"],["24673.50","0.134"],["24673.60","1.567"],["24673.90","0.024"],["24675.10","0.010"],["24676.60","0.073"],["24678.00","1.275"],["24678.20","0.808"],["24681.30","1.904"],["24681.50","0.943"],["24681.80","0.582"],["24682.00","3.040"],["24682.10","0.000"],["24682.20","0.000"],["24682.50","12.950"],["24682.60","0.001"],["24683.40","2.362"],["24683.60","0.129"],["24683.90","0.009"],["24684.10","0.774"],["24684.20","3.745"],["24684.30","0.202"],["24684.50","0.600"],["24684.70","0.046"],["24685.20","0.053"],["24685.60","0.837"],["24700.50","0.184"],["24728.30","0.193"],["24728.40","0.000"],["24743.60","0.710"],["24896.90","1.043"]]}}
1660228023694067 {"stream":"btcusdt@depth@0ms","data":{"e":"depthUpdate","E":1660228024633,"T":1660228024627,"s":"BTCUSDT","U":1801732858387,"u":1801732859720,"pu":1801732858362,"b":[["2467.10","0.000"],["24602.90","0.060"],["24653.50","0.164"],["24654.00","0.131"],["24658.50","1.576"],["24658.60","0.180"],["24659.60","2.463"],["24663.60","0.632"],["24664.00","0.762"],["24666.00","2.209"],["24666.90","0.001"],["24668.40","0.547"],["24670.90","2.358"],["24688.30","0.000"]],"a":[["24653.60","0.000"],["24670.50","0.000"],["24670.60","0.000"],["24670.70","0.000"],["24670.90","0.000"],["24671.00","18.835"],["24672.00","0.002"],["24672.10","0.000"],["24672.30","0.001"],["24672.80","0.324"],["24673.50","0.024"],["24673.90","0.134"],["24674.60","1.520"],["24674.80","0.009"],["24678.20","0.008"],["24681.20","0.639"],["24681.30","1.504"],["24683.20","3.082"],["24683.30","1.242"],["24683.40","0.362"],["24684.50","0.000"],["24685.60","0.437"],["24742.90","0.045"],["24890.10","22.283"]]}}
1660228023729054 {"stream":"btcusdt@depth@0ms","data":{"e":"depthUpdate","E":1660228024668,"T":1660228024664,"s":"BTCUSDT","U":1801732859934,"u":1801732861386,"pu":1801732859720,"b":[["2467.10","0.000"],["24448.70","0.002"],["24644.60","0.887"],["24655.80","1.238"],["24655.90","13.924"],["24656.90","2.824"],["24658.50","0.576"],["24658.60","3.780"],["24659.20","0.084"],["24659.30","2.500"],["24659.60","3.263"],["24660.40","0.202"],["24663.60","0.630"],["24665.90","0.002"],["24666.80","6.764"],["24668.30","0.003"],["24668.90","0.174"],["24688.30","0.000"]],"a":[["24653.60","0.000"],["24670.40","0.000"],["24670.50","0.000"],["24670.90","0.000"],["24671.00","18.836"],["24672.00","0.000"],["24672.50","0.324"],["24673.10","0.000"],["24674.50","3.737"],["24678.20","0.808"],["24681.20","0.239"],["24681.30","1.904"],["24681.90","3.077"],["24682.00","0.040"],["24682.80","0.324"],["24683.20","1.082"],["24683.30","0.442"],["24683.40","2.362"],["24684.00","2.001"],["24684.10","0.000"],["24684.50","0.600"],["24685.60","0.837"],["24728.30","0.028"],["24732.60","2.665"],["24735.90","0.000"],["24896.20","6.416"]]}}
1660228023763180 {"stream":"btcusdt@depth@0ms","data":{"e":"depthUpdate","E":1660228024702,"T":1660228024694,"s":"BTCUSDT","U":1801732861402,"u":1801732862378,"pu":1801732861386,"b":[["2467.10","0.000"],["12006.00","0.000"],["24601.90","0.417"],["24603.60","0.305"],["24627.30","0.000"],["24644.20","1.347"],["24651.50","0.409"],["24658.50","0.576"],["24658.60","2.580"],["24659.00","1.200"],["24659.60","3.263"],["24660.30","0.004"],["24665.90","0.000"],["24666.00","2.209"],["24666.50","0.560"],["24666.90","0.014"],["24668.40","0.547"],["24668.60","10.103"],["24670.90","1.837"],["24688.30","0.000"]],"a":[["24653.60","0.000"],["24670.10","0.000"],["24670.20","0.000"],["24670.30","0.000"],["24670.90","0.000"],["24671.00","19.092"],["24672.10","0.000"],["24672.30","0.001"],["24672.50","0.000"],["24673.00","0.007"],["24673.20","0.000"],["24673.90","0.024"],["24674.60","1.520"],["24677.10","0.287"],["24678.20","0.808"],["24681.00","3.580"],["24681.30","1.904"],["24681.90","0.077"],["24682.00","3.040"],["24683.10","1.251"],["24683.40","2.362"],["24684.00","1.227"],["24684.10","0.774"],["24684.50","0.600"],["24685.10","0.143"],["24685.60","0.837"],["24741.90","1.497"],["24743.60","0.530"]]}}
